1669 2574
194 1318 213 1348 N>

197 1902 216 1931 3

199 2098 215 2127 1

242 110 261 149 1
271 108 323 148 16
632 104 827 140 BELLUM
853 102 1182 138 HISPANJENSE.

239 203 590 258 necopinantibus
641 200 798 241 nostris
848 201 959 240 esset
1002 202 1188 253 gestum,
1237 202 1378 239 tamen
1422 198 1580 238 virtute

238 269 337 309 freti
387 266 579 321 repulsos
627 264 859 318 multisque
902 262 1148 304 vulneribus
1193 263 1380 304 adfectos
1424 261 1579 316 oppido

239 334 543 387 represserunt,
568 329 766 384 praedam
793 342 993 382 armaque
1013 342 1159 369 eorum
1179 331 1279 370 sunt
1298 326 1425 382 potiti
1445 327 1581 368 vivos-

240 411 320 450 que
359 396 524 450 aliquos
563 397 782 448 ceperunt,
821 393 893 447 qui
926 395 1096 446 postero
1129 393 1195 434 die
1227 396 1327 434 sunt
1359 392 1581 434 interfecti.

239 461 487 514 Eodemque
540 462 730 514 tempore
780 458 1002 512 transfuga
1050 458 1264 499 nuntiavit
1320 472 1371 498 ex
1427 456 1582 511 oppido

238 524 421 579 Iunium,
457 524 529 579 qui
561 525 605 565 in
637 523 832 565 cuniculo
862 522 1026 575 fuisset,
1058 522 1320 577 iugulatione
1354 522 1582 576 oppidano-

238 605 332 630 rum
382 590 495 631 facta
544 589 747 630 clamasse
790 588 954 629 facinus
997 601 1041 628 se
1085 587 1312 629 nefandum
1360 590 1401 628 et
1445 586 1582 628 scelus

238 654 405 695 fecisse:
447 669 543 695 nam
576 669 647 695 eos
679 652 788 694 nihil
819 652 1040 703 meruisse,
1081 666 1208 706 quare
1240 652 1316 693 tali
1347 666 1483 706 poena
1515 651 1582 692 ad-

239 720 485 774 ficerentur,
525 719 598 773 qui
636 733 706 760 eos
745 718 797 758 ad
835 732 927 758 aras
961 719 1003 758 et
1033 716 1151 758 focos
1184 731 1283 757 suos
1315 718 1586 771 recepissent,

240 798 396 838 eosque
420 785 657 839 hospitium
685 783 839 825 scelere
860 782 1188 836 contaminasse3
1213 781 1349 822 multa
1368 785 1585 835 praeterea

241 849 416 891 dixisse:
455 864 538 904 qua
576 849 765 890 oratione
802 847 1027 889 deterritos
1060 846 1243 900 amplius
1276 846 1584 901 iugulationem

240 929 325 955 non
357 915 518 956 fecisse.

323 978 459 1020 XVII.
492 978 558 1020 Ita
577 981 747 1033 postero
775 978 840 1018 die
864 978 924 1019 Ti.
941 976 1108 1018 Tullius
1127 976 1295 1031 legatus
1316 990 1411 1018 cum
1427 975 1585 1017 Catone

239 1044 445 1085 Lusitano
478 1044 596 1085 venit
628 1046 669 1084 et
701 1043 812 1097 apud
839 1041 1059 1083 Caesarem
1085 1042 1213 1083 verba
1238 1041 1356 1082 fecit:
1395 1040 1585 1082 ‘Utinam

242 1110 413 1163 quidem
446 1110 505 1150 dii
537 1107 799 1150 immortales
831 1108 1043 1161 fecissent,
1075 1110 1124 1148 ut
1154 1109 1254 1148 tuus
1286 1106 1430 1160 potius
1463 1106 1584 1146 miles

242 1189 369 1228 quarn
403 1174 474 1216 Cn.
508 1174 685 1228 Pompei
722 1173 861 1214 factus
900 1187 1035 1214 essem
1075 1175 1117 1213 et
1147 1171 1257 1213 hanc
1288 1171 1460 1212 virtutis
1493 1185 1587 1212 con-

242 1240 445 1281 stantiam
477 1240 520 1280 in
552 1242 626 1280 tua
657 1238 847 1292 victoria,
879 1252 964 1278 non
991 1238 1035 1278 in
1061 1237 1177 1278 illius
1204 1236 1444 1277 calamitate
1473 1250 1589 1290 prae-

243 1307 410 1346 starem.
475 1303 605 1345 Cuius
642 1304 835 1344 funestae
872 1302 1019 1344 laudes
1052 1302 1252 1357 quoniam
1285 1301 1337 1342 ad
1367 1301 1476 1342 hanc
1507 1300 1589 1341 for-

242 1372 389 1411 tunam
417 1369 669 1423 reciderunt‚
701 1371 749 1409 ut
775 1369 887 1409 cives
914 1367 1096 1409 Romani
1123 1367 1362 1422 indigentes
1388 1366 1590 1420 praesidii

240 1436 371 1477 simus
409 1438 451 1476 et
487 1437 662 1489 propter
699 1433 860 1487 patriae
898 1432 1137 1473 luctuosam
1175 1432 1405 1486 perniciem
1442 1431 1590 1472 demur

241 1500 431 1541 hostium
469 1514 663 1553 numero,
703 1498 775 1553 qui
813 1512 949 1552 neque
987 1498 1031 1538 in
1070 1496 1186 1538 illius
1226 1495 1465 1551 [prospera]
1500 1495 1587 1536 acie

242 1565 423 1619 primam
455 1565 671 1606 fortunam
703 1578 838 1617 neque
872 1563 915 1603 in
948 1563 1123 1603 adversa
1154 1561 1379 1603 secundam
1406 1560 1588 1601 obtinui-

243 1645 356 1685 mus,
404 1629 645 1684 [victoriam
684 1628 776 1683 qui]
815 1628 1031 1683 legionum
1079 1629 1144 1668 tot
1192 1627 1377 1680 impetus
1425 1628 1588 1666 susten-

243 1697 402 1749 tantes7
440 1694 660 1736 nocturnis
697 1693 944 1747 diurnisque
977 1691 1175 1746 operibus
1208 1691 1447 1745 gladiorum
1480 1690 1588 1731 ictus

243 1761 511 1814 telorumque
562 1759 717 1800 missus
762 1760 1050 1812 expectantes,
1100 1756 1238 1797 relicti
1283 1758 1324 1796 et
1369 1755 1522 1796 deserti
1566 1769 1590 1795 a

242 1825 460 1879 Pompeio7
493 1827 566 1865 tua
596 1824 754 1864 virtute
788 1823 975 1877 superati
1008 1821 1187 1862 salutem
1219 1836 1242 1861 a
1267 1823 1341 1861 tua
1366 1819 1590 1861 clementia

245 1890 511 1944 deposcimus
555 1890 825 1943 petimusque
870 1891 917 1928 ut
959 1920 1113 1927 ......
1129 1886 1140 1902 ’
1203 1885 1395 1935 eQualem
1440 1884 1590 1925 alienis

246 1954 445 2010 gentibus
489 1968 555 1994 me
599 1953 810 2007 praestiti,
858 1952 1041 1993 similem
1086 1951 1129 1992 in
1174 1950 1330 1992 civium
1375 1949 1589 1990 deditione

244 2018 498 2074 praestabo.'

333 2082 491 2125 XVIII.
559 2082 766 2124 Remissis
810 2081 979 2136 legatis,
1025 2095 1120 2122 cum
1159 2080 1211 2120 ad
1249 2081 1415 2133 portam
1455 2078 1590 2119 venis-

245 2153 340 2191 sent
375 2183 383 2189 .
411 2183 417 2188 .
446 2182 488 2189 ..
542 2147 603 2189 Ti.
642 2147 827 2200 Tullius,
878 2149 918 2187 et
962 2160 1057 2187 cum
1102 2145 1387 2185 introeuntem
1431 2143 1460 2196 †
1504 2142 1588 2183 An-

245 2215 388 2255 tonius
438 2213 655 2254 insecutus
703 2226 787 2253 non
839 2213 965 2264 esset,
1016 2209 1192 2251 revertit
1236 2208 1288 2249 ad
1335 2211 1502 2262 portam
1549 2210 1590 2248 et

198 2293 218 2322 2
245 2279 461 2320 hominem
502 2277 790 2332 adprehendit.
856 2275 979 2325 Quod
1010 2274 1205 2315 Tiberius
1246 2288 1340 2314 cum
1380 2272 1471 2313 fieri
1504 2272 1589 2312 ani-

246 2343 492 2398 madvertit,
543 2342 670 2384 simul
718 2341 948 2396 pugionem
1000 2339 1146 2381 eduxit
1191 2341 1232 2379 et
1282 2352 1453 2379 manum
1500 2337 1590 2378 eius
