1638 2600
233 123 310 159 VH.
348 123 499 159 LEGES
525 122 993 159 SENATUSCONSULTA
1017 122 1251 158 DECRETA.
1328 122 1410 163 173

134 223 259 254 contra
291 219 397 265 1696111
427 219 706 264 repetundarum
733 218 944 262 proconsuli
973 218 1027 253 vel
1051 218 1215 262 praetori
1238 217 1412 253 donatum

107 270 125 300 1
142 271 208 310 est,
238 276 312 301 non
333 267 465 311 poterit
488 277 558 302 usu
582 266 674 310 capi.
724 265 866 300 Eadem
892 265 949 300 lex
972 266 1192 300 venditiones
1217 265 1409 300 locationes

132 314 210 349 eius
240 314 292 348 rei
323 324 434 349 causa
458 313 580 358 pluo-is
605 313 796 348 minorisve
825 311 944 355 factas
974 313 1102 348 irritas
1131 312 1223 355 facit
1246 312 1411 357 impedit-

133 372 198 406 que
222 361 496 405 usucapionem,
522 361 740 405 priusquam
763 360 805 394 in
824 363 1034 403 potestatem
1059 361 1152 403 cius,
1186 371 1210 394 a
1234 369 1303 404 quo
1323 371 1409 404 pro-

131 409 226 451 fecta
249 419 305 443 res
330 409 388 451 sit,
413 408 591 443 heredisve
615 408 692 442 eius
716 407 848 442 veniat.

74 470 106 503 9.
134 466 474 502 PAPINIANUS
490 467 580 502 libro
599 467 725 512 quinto
743 466 877 501 decimo
896 476 1155 510 responsorum.
1191 465 1263 511 Qui
1281 476 1414 501 mumus

125 515 269 559 publice
295 515 507 549 mandatum
532 518 675 558 accepta
699 513 854 558 pecunia
884 517 1115 558 rumperwnt,
1140 514 1290 548 crimine
1314 524 1411 558 repe—

131 562 331 597 tundarum
351 562 598 606 postulantur.

168 632 240 668 Cic.
273 643 312 676 p.
345 632 437 667 Rab.
471 633 568 668 Post.
600 635 635 667 8.
691 632 762 667 Est
803 632 898 667 enim
939 632 1026 667 haec
1068 643 1181 666 causa
1223 642 1326 676 „quo
1370 642 1415 666 ea.

70 679 230 725 pecunia
266 679 497 725 pervenerifl‘
535 680 641 726 quasi
671 679 848 725 quaedam
878 679 1123 723 appendicula
1153 690 1285 714 causae
1315 679 1413 714 iudi-

70 731 171 763 catae
201 731 307 772 atque
338 728 542 763 damnatae.
592 727 687 763 Sunt
718 727 795 762 lites
826 727 1032 762 aestimatae
1066 726 1112 760 A.
1142 726 1318 771 Gabinio,
1350 737 1415 762 nec

65 775 219 819 praedes
244 775 324 810 dati
348 786 412 810 nec
442 786 486 810 ea:
511 775 613 810 bonis
639 775 776 819 populo
806 774 978 809 universa
1002 774 1163 818 pecunia
1193 777 1320 809 exacta
1351 778 1411 809 est.

68 822 175 858 Iubet
206 822 263 857 lea:
293 822 397 857 Iulia
424 823 592 868 persequi
621 823 667 857 ab
697 823 761 866 iis,
793 822 842 856 ad
867 832 954 866 quos
979 832 1021 856 ea
1041 821 1218 866 pecunia,
1250 832 1359 875 quam
1382 822 1416 857 is

69 870 218 914 ceperit,
243 870 307 914 qui
331 870 527 905 damnatus
550 871 609 913 sit,
630 870 841 914 pervenerit.
892 868 933 904 Si
957 872 1008 904 est
1031 869 1096 903 hoc
1119 879 1251 904 novum
1276 869 1317 903 in
1343 869 1416 914 1696

69 917 184 960 Iulia,
209 918 318 952 sicuti
342 917 457 952 multa
481 921 567 952 sunt
591 917 746 952 severius
771 917 918 961 scripta,
943 927 1051 960 quam
1075 916 1117 950 in
1141 916 1304 960 antiquis
1330 916 1414 970 16973-

71 964 136 999 bus
166 968 199 999 et
230 965 410 1007 sanctius,
433 964 632 1000 inducatusr
656 975 744 999 sane
768 964 875 1000 etiam
900 964 1116 999 consuetudo
1140 964 1251 998 huius
1274 964 1414 1009 qeneris

69 1011 290 1046 iudiciorum
320 1022 436 1054 nova,·
467 1012 526 1046 sin
556 1013 620 1047 hoc
650 1012 796 1047 totidem
826 1012 940 1046 verbis
970 1011 1188 1046 translatum
1219 1015 1329 1055 caput
1353 1015 1414 1054 est,

69 1062 154 1104 quot
177 1059 253 1101 fuit
276 1068 351 1093 non
375 1059 479 1093 modo
504 1059 545 1093 in
565 1058 747 1102 Cornelia,
770 1059 831 1094 sed
855 1059 963 1094 etiam
988 1062 1071 1094 ante
1096 1059 1138 1092 in
1157 1059 1229 1104 1696
1248 1058 1416 1102 Servilia,

64 1116 132 1152 per
157 1106 239 1141 deos
263 1106 481 1141 immortales
505 1106 594 1150 quid
619 1107 770 1151 aqimus.
823 1105 877 1150 Cf.
905 1106 953 1140 ad
980 1105 1086 1140 Fam.
1120 1106 1230 1149 VIII,
1255 1108 1291 1149 8,
1315 1108 1350 1141 2.

165 1153 237 1188 Cic.
265 1153 313 1188 ad
339 1153 444 1188 Fam.
465 1153 522 1196 ΙΙ,
547 1156 607 1196 17,
630 1156 665 1188 2.
706 1154 764 1188 De
789 1153 994 1189 rationibus
1018 1153 1215 1196 referendis
1238 1164 1314 1188 non
1338 1156 1416 1188 erat

68 1201 332 1236 incommodum
363 1205 395 1235 te
421 1201 546 1235 nullas
569 1201 718 1244 referre,
749 1212 858 1245 quam
883 1201 950 1236 tibi
974 1201 1102 1236 scribis
1126 1212 1151 1235 a
1175 1201 1313 1235 Bibulo
1337 1200 1417 1244 fieri

65 1252 296 1293 potestatem,-
320 1248 381 1283 sed
399 1248 440 1283 id
458 1248 522 1283 vix
540 1248 629 1282 mihi
647 1249 781 1283 videris
795 1259 863 1292 per
882 1248 990 1294 leqem
1007 1248 1148 1282 Iuliam
1165 1249 1283 1291 facere
1298 1258 1414 1292 posse.

166 1295 237 1330 Cic.
265 1295 314 1330 ad
339 1295 445 1330 Fam.
475 1296 516 1339 V,
541 1297 602 1338 20,
626 1298 661 1330 2.
715 1295 818 1340 Quod
847 1295 1007 1339 fecissem
1032 1296 1081 1330 ad
1105 1296 1245 1339 urbem,
1276 1296 1309 1330 si
1334 1305 1417 1330 con-

68 1343 219 1378 suetudo
251 1343 416 1387 pristina
452 1347 629 1385 maneret,
664 1343 722 1386 id,
759 1343 932 1388 quoniam
970 1343 1041 1388 1696
1077 1343 1180 1377 Iulia
1215 1343 1417 1387 relinquere

68 1391 228 1426 rationes
258 1391 299 1424 in
324 1391 518 1434 provincia
547 1401 684 1426 necesse
711 1395 788 1425 erat
812 1391 1019 1435 easdemque
1043 1390 1189 1425 totidem
1223 1391 1340 1425 verbis
1362 1401 1416 1425 re-

68 1439 162 1482 ferre
188 1438 237 1472 ad
262 1438 465 1481 aerarium,
489 1438 560 1481 feci
584 1438 626 1472 in
644 1438 849 1482 provincia.

166 1484 237 1520 Cic.
265 1485 314 1519 ad
338 1485 449 1520 Attic.
476 1485 547 1528 VI,
573 1487 608 1528 7,
631 1487 666 1520 2.
717 1485 800 1530 Ε9ο
826 1485 1030 1520 Laodiceae
1061 1489 1280 1529 quaestorem
1317 1484 1416 1519 Mes-

69 1533 206 1568 cinium
237 1536 438 1577 exspectare
463 1533 573 1575 iussi,
609 1537 651 1568 ut
681 1533 860 1576 confectas
889 1533 1048 1567 rationes
1080 1533 1151 1578 1696
1181 1533 1284 1567 Iulia
1316 1532 1417 1577 apud

70 1581 164 1615 duas
188 1580 350 1615 civitates
370 1590 511 1624 possem
535 1580 744 1624 relinquere.

167 1627 237 1663 Cic.
263 1627 305 1661 in
331 1627 455 1662 Pison.
483 1631 540 1662 50.
593 1628 704 1663 Mitto
729 1628 826 1662 exire
850 1627 893 1662 de
913 1628 1123 1672 provincia,
1148 1627 1293 1662 educere
1317 1637 1414 1661 exer-

70 1676 197 1718 citum,
241 1675 370 1710 bellum
406 1685 476 1709 sua
512 1679 635 1719 sponte
671 1686 800 1720 yerere,
837 1675 879 1709 in
914 1686 1065 1720 reqnum
1100 1675 1246 1709 iniussu
1284 1674 1416 1719 populi

70 1722 232 1758 Romani
263 1726 328 1757 aut
355 1726 502 1757 senatus
528 1722 706 1765 accedere,
737 1733 828 1767 quae
853 1733 932 1757 cum
952 1722 1135 1766 plurimae
1161 1722 1251 1767 leqes
1275 1725 1417 1764 veteres,

69 1774 145 1805 tum
171 1769 228 1804 lex
249 1769 417 1804 Cornelia
441 1770 651 1813 maiestatis,
669 1770 773 1804 Iulia
798 1770 840 1805 de
861 1770 1029 1814 pecuniis
1046 1769 1254 1814 repetundis
1273 1769 1416 1814 planis·

69 1818 157 1852 sime
181 1821 285 1852 vetat.

167 1863 238 1899 Cic.
265 1864 306 1898 in
331 1864 457 1899 Pison.
485 1867 542 1899 37.
597 1863 796 1899 Obtinuisti
821 1864 1051 1909 qnovinciam
1080 1863 1304 1899 consularem
1334 1863 1419 1907 fini-

71 1912 135 1947 bus
159 1912 219 1954 iis,
244 1921 332 1956 quos
358 1912 414 1946 lea:
438 1912 653 1956 cupiditatis
677 1916 772 1954 tuae,
797 1922 872 1946 non
897 1922 984 1956 quos
1010 1911 1067 1946 leae
1089 1911 1211 1957 yeneri
1235 1911 1291 1946 tui
1313 1911 1416 1955 pepi-

69 1963 179 2005 qerat.
231 1959 331 1993 Nam
356 1959 428 2004 1696
456 1959 622 1994 Caesaris
646 1959 846 1994 iustissima
871 1963 976 2003 atque
1001 1959 1138 2003 optima
1157 1959 1289 2003 populi
1314 1958 1418 1993 liberi

68 2006 178 2051 plane
203 2010 235 2041 et
260 2017 338 2041 vere
364 2010 468 2042 erant
493 2007 597 2041 liberi
621 2009 683 2042 etc.

166 2065 238 2100 Cic.
265 2066 306 2099 in
331 2065 456 2100 Pison.
483 2068 541 2101 90.
593 2066 706 2101 Mitto
732 2077 863 2100 aurum
889 2066 1131 2108 coronarium,
1159 2066 1254 2110 quod
1278 2069 1310 2101 te
1335 2065 1417 2100 diu-

68 2113 202 2148 tissime
233 2113 354 2155 torsit,
385 2124 465 2148 cum
498 2113 599 2148 modo
632 2113 736 2148 velles
766 2113 869 2148 modo
900 2113 1021 2148 nolles.
1071 2112 1152 2148 Lea:
1176 2113 1270 2147 enim
1293 2113 1418 2158 qeneri

69 2160 125 2195 tui
156 2164 187 2195 et
218 2160 360 2195 decerni
391 2164 423 2195 61
454 2164 486 2195 16
511 2161 670 2205 accipere
694 2161 836 2196 vetabat
860 2161 934 2195 nisi
959 2161 1096 2196 decreto
1120 2161 1302 2204 triumpho
1334 2188 1341 2194 .
1370 2188 1377 2194 .
1406 2187 1414 2194 .

73 2207 185 2242 Mitto
211 2207 411 2251 diplomata
435 2212 511 2243 tota
535 2208 577 2242 in
596 2208 791 2252 provincia
810 2208 951 2253 passim
975 2208 1076 2250 data,
1101 2208 1203 2243 mitto
1227 2219 1418 2243 numerum

69 2255 221 2289 navium
244 2265 487 2299 summamque
506 2255 685 2300 praedae,
711 2256 811 2290 ntitto
837 2256 1013 2290 rationem
1038 2255 1156 2290 exacti
1179 2255 1418 2300 imperatique

68 2301 254 2344 frumenti,
279 2302 379 2336 mitto
404 2306 561 2347 ereptam
581 2303 775 2338 libertatem
797 2303 947 2347 populis
972 2313 1015 2337 ac
1039 2303 1206 2348 sinqulis,
1231 2303 1294 2347 qui
1313 2306 1419 2338 erant

70 2349 190 2391 affecti
214 2349 390 2393 praemiis
414 2351 647 2393 nominatim,
673 2361 824 2395 quorum
850 2350 944 2384 nihil
969 2354 1030 2393 est,
1055 2350 1149 2394 quod
1174 2360 1249 2384 non
1273 2351 1320 2386 sit
1346 2351 1419 2396 1696

70 2396 174 2430 Iulia
201 2407 242 2431 ne
267 2397 346 2439 fieri
372 2396 476 2432 liceat
499 2402 664 2433 sanctum
689 2398 889 2443 cliliqeuter.
