1638 2600
585 121 684 156 CAP.
711 121 852 156 II—VI.
1361 120 1388 160 ἵ)

55 232 190 273 neque
220 221 356 260 morte
384 217 560 272 Pompei
593 217 819 272 quicquam
850 217 1099 271 profectum,
1132 230 1214 270 quo
1247 215 1388 256 minus

57 281 167 336 apud
203 295 247 323 se
285 280 436 323 Caesar
477 281 818 322 commoraretur.
881 280 1015 330 Quem
1058 281 1095 322 si
1135 295 1220 322 non
1261 294 1387 334 expu-
1412 291 1434 320 4

54 345 214 400 lissent,
245 345 433 386 futuram
466 360 516 386 ex
548 358 678 399 regno
708 345 988 400 provinciam,
1019 345 1146 400 idque
1178 345 1387 400 agendum

55 412 234 452 mature:
260 424 442 464 namque
459 424 555 450 eum
575 408 850 450 interclusum
870 408 1195 462 tempestatibus
1214 409 1388 462 propter

55 474 154 515 anni
193 477 361 528 tempus
397 474 583 529 recipere
621 473 902 515 transmarina
939 473 1097 514 auxilia
1127 487 1212 514 non
1251 487 1386 527 posse.

140 536 238 580 IIII.
287 536 465 579 Interim
498 538 756 579 dissensione
789 539 882 578 orta
918 538 1030 579 inter
1059 537 1276 591 Achillan,
1314 537 1387 591 qui

53 606 251 645 veterano
284 603 489 644 exercitui
526 605 734 657 praeerat,
776 604 818 643 et
848 600 1072 657 Arsinoein,
1102 603 1215 657 regis
1246 601 1387 643 Ptolo-

52 667 162 709 maei
187 667 394 707 minorem
419 666 564 720 filiam,
595 669 645 708 ut
669 681 797 721 supra
822 666 1157 708 demonstratum
1184 669 1260 721 est,
1292 680 1388 708 cum

54 734 232 786 uterque
270 731 440 785 utrique
479 731 749 773 insidiaretur
780 733 822 773 et
859 745 1067 772 summam
1098 731 1267 785 imperii
1297 731 1387 785 ipse

55 795 243 837 obtinere
281 795 427 850 vellet,
468 798 748 849 praeoccupat
784 794 965 837 Arsinoe
1001 810 1077 850 per
1116 794 1387 849 Ganymeden

54 860 311 914 eunuchum,
342 860 573 901 nutricium
605 874 746 915 suum,
786 863 913 915 atque
943 859 1143 902 Achillan
1175 860 1388 901 interficit.

53 924 148 966 Hoc
179 925 318 966 occiso
350 924 441 966 sine
478 924 565 965 ullo
604 925 717 966 socio
750 928 792 966 et
823 925 996 967 custode
1033 926 1127 980 ipsa
1159 939 1282 966 omne
1314 924 1388 965 im-

54 989 219 1043 perium
269 989 508 1043 obtinebat3
560 989 768 1030 exercitus
813 988 1048 1044 Ganymedi
1091 989 1284 1030 traditur.
1346 987 1388 1029 Is

54 1057 250 1109 suscepto
283 1054 423 1095 officio
454 1054 726 1109 largitionem
756 1054 801 1095 in
831 1054 1010 1096 militem
1043 1057 1190 1109 auget,
1227 1053 1390 1107 reliqua

52 1119 145 1173 pari
177 1118 398 1173 diligentia
429 1118 708 1159 administrat.

141 1181 192 1223 V.
250 1181 508 1223 Alexandria
551 1185 616 1224 est
658 1182 745 1224 fere
788 1186 879 1224 tota
914 1184 1109 1224 subfossa
1150 1196 1387 1237 specusque

53 1247 182 1288 habet
213 1246 265 1287 ad
294 1245 444 1288 Nilum
476 1247 753 1300 pertinentes,
793 1246 948 1300 quibus
987 1261 1095 1301 aqua
1126 1247 1171 1288 in
1201 1248 1389 1301 privatas

54 1310 201 1351 domos
221 1309 448 1364 inducitur,
469 1324 575 1364 quae
594 1310 801 1363 paulatim
816 1311 953 1364 spatio
974 1312 1178 1365 temporis
1192 1311 1390 1366 liquescit

54 1389 101 1416 ac
127 1373 318 1415 subsidit.
378 1372 470 1415 Hac
494 1374 558 1414 uti
584 1373 742 1415 domini
774 1375 1064 1416 aedificiorum
1092 1378 1218 1429 atque
1245 1390 1388 1416 eorum

54 1439 238 1481 familiae
270 1441 542 1480 consuerunt:
581 1454 678 1480 nam
711 1454 817 1494 quae
848 1454 868 1481 e
898 1440 1073 1481 flumine
1103 1439 1206 1482 Nilo
1244 1441 1390 1495 fertur,

55 1504 156 1545 adeo
189 1506 253 1545 est
282 1503 434 1544 limosa
466 1518 513 1544 ac
544 1504 725 1558 turbida,
755 1506 804 1545 ut
835 1504 995 1546 multos
1026 1505 1251 1559 variosque
1282 1520 1390 1546 mor—

53 1569 132 1610 bos
163 1567 335 1623 efficiat,
374 1568 447 1609 sed
479 1582 527 1609 ea
562 1568 706 1622 plebes
744 1583 792 1610 ac
829 1569 1063 1611 multitudo
1096 1572 1295 1611 contenta
1326 1573 1391 1611 est

55 1633 300 1687 necessario,
334 1632 448 1687 quod
472 1632 567 1673 fons
593 1633 696 1674 urbe
723 1635 815 1674 tota
839 1633 982 1676 nullus
1009 1636 1086 1676 est.
1129 1633 1224 1675 Hoc
1249 1637 1391 1676 tamen

55 1698 211 1739 flumen
248 1697 293 1738 in
324 1712 372 1738 ea
407 1699 526 1751 parte
559 1699 648 1738 erat
686 1697 825 1753 urbis,
863 1713 969 1753 quae
1008 1699 1059 1740 ab
1091 1697 1391 1740 Alexandrinis

55 1761 287 1804 tenebatur.
340 1760 433 1811 Quo
464 1762 576 1803 facto
604 1765 668 1803 est
701 1762 942 1804 admonitus
970 1762 1235 1818 Ganymedes
1266 1779 1391 1818 posse

56 1829 224 1868 nostros
250 1839 359 1881 aqua
383 1826 628 1881 intercludi,
662 1827 747 1881 qui,
773 1827 991 1869 distributi
1015 1829 1302 1870 munitionum
1328 1832 1391 1870 tu-

57 1890 257 1932 endarum
289 1904 414 1932 causa
443 1890 634 1945 vicatim,
668 1906 720 1932 ex
750 1892 928 1946 privatis
960 1892 1163 1935 aedificiis
1195 1894 1390 1948 specibus

58 1969 104 1996 ac
136 1955 276 2009 puteis
308 1957 498 1996 extracta
530 1969 638 2010 aqua
668 1956 908 1998 utebantur.

143 2018 216 2061 VI.
255 2018 349 2061 Hoc
379 2019 557 2074 probato
585 2019 760 2062 consilio
786 2034 989 2076 magnum
1015 2036 1062 2063 ac
1088 2021 1259 2063 difficile
1285 2035 1390 2075 opus

58 2083 312 2138 adgreditur.
372 2083 623 2139 Interseptis
661 2085 773 2126 enim
808 2086 1004 2140 specibus
1036 2088 1162 2141 atque
1195 2086 1390 2127 omnibus

58 2148 173 2189 urbis
197 2148 391 2203 partibus
418 2149 612 2204 exclusis,
639 2163 745 2204 quae
772 2150 824 2191 ab
850 2150 943 2204 ipso
969 2151 1233 2204 tenebantur,
1258 2164 1390 2204 aquae

58 2226 253 2267 magnam
283 2213 370 2255 vim
402 2228 454 2255 ex
483 2214 591 2255 mari
623 2214 729 2256 rotis
762 2229 809 2256 ac
839 2215 1224 2256 machinationibus
1256 2215 1391 2268 expri-

59 2291 170 2319 mere
215 2278 450 2333 contendit,
499 2278 608 2320 hanc
650 2278 755 2321 locis
798 2280 1087 2334 superioribus
1130 2279 1305 2320 fundere
1346 2279 1392 2320 in

59 2343 223 2395 partem
256 2341 445 2383 Caesaris
476 2357 561 2384 non
593 2343 912 2385 intermittebat.
976 2343 1111 2392 Quam
1138 2343 1190 2384 ob
1224 2358 1391 2385 causam

1415 548 1432 578 1

1414 936 1434 964 [C

1416 1388 1435 1417 [ὗ

1418 2355 1438 2386 2
