1669 2574
185 725 206 756 IQ

183 1766 199 1795 *Ἰ

180 2286 194 2315 1

240 102 324 142 120
634 101 829 136 BELLUM
854 101 1186 137 HISPANIENSE.

236 198 364 240 licere
397 199 511 239 exire
543 198 627 238 nisi
660 197 932 251 discinctum,
964 197 1119 239 idcirco
1153 199 1282 253 quod,
1315 214 1366 240 ex
1399 214 1482 254 quo
1516 200 1582 242 die

239 262 442 317 oppidum
473 261 645 316 Ategua
676 264 787 303 esset
818 265 1006 316 captum,
1038 266 1153 304 metu
1187 264 1439 305 conterritos
1472 280 1582 306 com-

236 328 378 381 plures
411 327 637 381 profugere
669 326 713 367 in
738 326 1000 381 Baeturiam,
1031 342 1168 382 neque
1197 329 1279 369 sibi
1305 329 1435 370 ullam
1461 344 1581 383 spem

236 392 437 433 victoriae
487 392 750 446 propositam
801 391 973 446 habere,
1024 395 1066 433 et
1115 393 1151 434 si
1201 394 1273 448 qui
1324 409 1375 435 ex
1422 394 1580 435 nostris

236 457 540 511 transfugeret,
578 457 621 498 in
652 457 789 498 levem
822 460 1079 498 armaturam
1116 458 1249 499 conici
1282 473 1462 513 eumque
1494 474 1579 500 non

235 521 417 575 amplius
453 536 566 562 asses
599 533 664 562 VH
696 522 895 576 accipere.

322 585 480 628 XXIII.
542 585 789 641 Insequenti
834 589 1024 640 tempore
1063 585 1215 628 Caesar
1252 588 1401 630 castris
1440 591 1579 630 castra

234 650 416 691 contulit
447 653 489 692 et
520 650 741 692 brachium
774 651 826 691 ad
858 651 1017 692 fiumen
1045 650 1213 693 Salsum
1245 651 1395 694 ducere
1428 653 1578 707 coepit.

233 713 315 756 Hic
360 716 459 756 dum
504 716 548 756 in
593 730 718 770 opere
756 716 893 757 nostri
931 715 1106 757 distenti
1145 719 1302 771 essent,
1340 717 1578 771 complures

233 794 284 820 ex
334 781 550 834 superiore
599 781 693 822 loco
744 781 1081 822 adversariorum
1130 781 1459 823 decucurrerunt
1502 797 1578 824 nec

233 844 522 886 desinentibus
572 846 730 886 nostris
780 845 929 887 multis
978 845 1075 887 telis
1125 845 1291 886 iniectis
1339 846 1578 900 complures

232 909 479 952 vulneribus
512 911 710 952 adfecere.
760 911 843 953 Hic
869 915 973 966 tum,
1008 914 1056 952 ut
1088 911 1148 951 ait
1178 910 1357 964 Ennius,
1389 911 1577 954 ‘nostri

232 989 428 1016 cessere
467 976 767 1030 parumper’.
832 976 981 1031 Itaque
1020 980 1188 1031 praeter
1225 977 1575 1018 consuetudinem

231 1054 325 1080 cum
347 1055 371 1081 a
390 1041 548 1082 nostris
570 1041 908 1082 animadversum
929 1045 1041 1083 esset
1060 1041 1216 1095 cedere,
1237 1043 1503 1084 centuriones
1524 1057 1575 1084 ex

230 1104 397 1159 legione
435 1118 465 1145 V
502 1106 660 1147 fiumen
698 1107 955 1162 transgressi
994 1108 1075 1149 duo
1114 1107 1396 1148 restituerunt
1433 1108 1577 1162 aciem,

231 1170 467 1225 acriterque
500 1171 655 1212 eximia
686 1171 846 1213 virtute
872 1172 1015 1226 plures
1042 1187 1137 1214 cum
1164 1175 1350 1226 agerent,
1379 1187 1430 1213 ex
1457 1187 1576 1227 supe-

230 1235 340 1276 riore
384 1235 477 1277 1060
519 1235 793 1278 multitudine
831 1237 1014 1278 telorum
1053 1237 1160 1278 alter
1198 1251 1343 1277 eorum
1381 1236 1576 1278 concidit.

230 1298 297 1340 Ita
329 1315 423 1341 cum
457 1301 546 1342 eius
580 1315 752 1355 compar
777 1303 916 1354 impar
946 1301 1155 1356 proelium
1188 1301 1324 1342 facere
1357 1301 1577 1355 coepisset,

230 1379 324 1406 cum
358 1366 545 1420 undique
577 1381 620 1406 se
653 1366 949 1408 circumveniri
981 1367 1169 1407 animum
1207 1366 1476 1420 advertisset,
1513 1380 1575 1407 re-

230 1443 400 1484 gressus
449 1431 599 1485 pedem
651 1432 837 1472 offendit.
911 1430 1051 1472 Huius
1101 1431 1325 1472 incidentis
1370 1431 1574 1485 temporis

230 1495 281 1535 ad
318 1496 399 1536 viri
437 1496 561 1537 fortis
600 1496 786 1551 insignia
823 1511 918 1537 cum
957 1496 1195 1550 complures
1236 1496 1574 1537 adversariorum

229 1574 481 1601 concursum
512 1561 710 1614 facerent,
743 1561 906 1615 equites
932 1561 1067 1602 nostri
1093 1561 1348 1615 transgressi
1374 1560 1575 1602 inferiore

228 1624 321 1666 loco
354 1625 617 1666 adversarios
650 1626 702 1666 ad
733 1625 893 1667 vallum
926 1640 1049 1681 agere
1076 1628 1316 1680 coeperunt.
1369 1624 1436 1666 Ita
1462 1625 1574 1679 cupi-

228 1690 323 1730 dius
350 1690 450 1731 dum
478 1690 591 1731 intra
615 1691 827 1744 praesidia
852 1691 1023 1732 illorum
1044 1691 1217 1732 student
1236 1690 1405 1732 caedem
1425 1690 1575 1745 facere,

228 1769 252 1795 a
295 1756 448 1796 turmis
492 1758 534 1796 et
574 1755 658 1797 levi
697 1759 910 1797 armatura
948 1759 1048 1797 sunt
1084 1755 1315 1796 interclusi.
1384 1754 1573 1804 Quorum

228 1820 311 1861 nisi
349 1836 516 1862 summa
553 1821 689 1862 virtus
727 1822 896 1875 fuisset,
934 1821 1020 1862 vivi
1056 1821 1168 1875 capti
1200 1822 1358 1861 essent:
1402 1834 1499 1860 nam
1532 1823 1574 1860 et

227 1885 464 1926 munitione
519 1886 721 1939 praesidii
776 1887 836 1927 ita
885 1886 1291 1941 coangustabantur,
1347 1887 1394 1925 ut
1445 1899 1572 1938 eques

228 1950 366 2004 spatio
399 1950 630 1991 intercluso
663 1951 734 1992 vix
768 1966 810 1992 se
841 1951 1062 1992 defendere
1087 1953 1242 2005 posset.
1297 1949 1365 1990 Ex
1391 1952 1571 2003 utroque

227 2029 379 2070 genere
416 2029 583 2070 pugnae
622 2016 861 2069 complures
900 2018 1000 2057 sunt
1036 2015 1282 2056 vulneribus
1321 2014 1493 2068 adfecti,
1527 2015 1571 2054 in

227 2080 322 2134 quis
349 2080 476 2121 etiam
504 2079 676 2121 Clodius
703 2080 945 2135 Arquitius,
978 2080 1088 2121 inter
1117 2094 1222 2134 quos
1249 2079 1309 2120 ita
1335 2079 1571 2120 comminus

226 2148 290 2186 est
321 2148 576 2200 pugnatum,
614 2148 662 2186 ut
694 2161 744 2186 ex
776 2146 934 2186 nostris
966 2148 1133 2199 praeter
1165 2145 1270 2185 duos
1303 2144 1570 2185 centuriones

225 2210 282 2251 sit
312 2225 436 2251 nemo
469 2210 730 2251 desideratus
763 2210 900 2265 gloria
931 2224 975 2251 se
1007 2210 1240 2251 efferentes.

313 2273 492 2315 XXIIII.
560 2274 736 2315 Postero
788 2275 853 2316 die
898 2275 949 2315 ad
995 2273 1247 2316 Soricariam
1290 2277 1568 2328 utrorumque

179 2352 198 2380 2
226 2354 457 2381 convenere
502 2339 656 2393 copiae.
717 2338 867 2381 Nostri
911 2339 1084 2381 brachia
1128 2339 1277 2380 ducere
1329 2341 1568 2392 coeperunt.
