1638 2600
320 608 579 656 BELLUM
615 607 1142 656 ALEXANDRINUM.

153 804 184 847 I.
232 805 353 847 Bello
379 805 664 848 Alexandrino
697 806 877 847 conflato
905 804 1057 847 Caesar
1083 805 1235 847 Rhodo
1267 808 1394 861 atque
1422 817 1438 848 1

65 885 117 911 ex
162 869 285 924 Syria
329 869 557 925 Ciliciaque
601 884 769 912 omnem
813 870 988 912 classem
1033 871 1226 926 arcessit3
1271 869 1395 912 Creta

65 935 319 990 sagittarios,
351 936 514 989 equites
545 935 596 976 ab
629 949 726 990 rege
754 934 1069 977 Nabataeorum
1100 934 1268 976 Malcho
1301 950 1393 977 evo-

66 1002 151 1052 cat3
192 1002 403 1040 tormenta
439 999 624 1054 undique
662 1000 854 1054 conquiri
891 1002 933 1041 et
969 999 1231 1041 frumentum
1267 1000 1395 1054 mitti,

66 1064 222 1105 auxilia
247 1064 397 1105 adduci
422 1064 549 1105 iubet.
599 1063 775 1105 Interim
800 1064 1056 1105 munitiones
1083 1064 1235 1105 cotidie
1261 1065 1393 1118 operi·
1419 1075 1439 1104 2

65 1128 144 1168 bus
177 1131 384 1183 augentur
415 1131 539 1182 atque
572 1142 716 1169 omnes
748 1129 892 1182 oppidi
922 1131 1085 1183 partes,
1117 1143 1222 1183 quae
1253 1129 1394 1170 minus

66 1207 156 1233 esse
187 1193 332 1233 firmae
363 1192 577 1246 videntur,
613 1193 899 1234 testudinibus
932 1208 979 1234 ac
1015 1193 1218 1234 musculis
1251 1196 1394 1247 aptan-

65 1259 151 1311 tur3
184 1272 235 1297 ex
261 1256 461 1297 aedificiis
488 1259 629 1297 autem
660 1272 736 1311 per
759 1257 968 1298 foramina
993 1258 1037 1298 in
1061 1258 1256 1311 proxima
1286 1258 1393 1299 aedi-

64 1321 159 1362 ficia
179 1321 329 1362 arietes
349 1321 650 1374 immittuntur,
663 1324 951 1375 quantumque
972 1324 1045 1362 aut
1063 1322 1197 1362 ruinis
1217 1322 1394 1363 deicitur

65 1388 138 1426 aut
167 1400 242 1440 per
265 1386 352 1426 vim
382 1386 584 1439 recipitur
613 1384 713 1439 loci,
744 1385 788 1426 in
819 1388 986 1426 tantum
1016 1386 1274 1427 munitiones
1299 1401 1392 1440 pro-

64 1450 267 1491 feruntur.
327 1448 439 1491 Nam
470 1450 520 1490 ab
557 1449 749 1491 incendio
787 1450 873 1491 fere
905 1452 999 1491 tuta
1029 1453 1094 1492 est
1124 1449 1393 1504 Alexandria,
1419 1461 1438 1490 3

66 1515 177 1569 quod
215 1515 304 1556 sine
343 1514 658 1569 contignatione
697 1529 744 1556 ac
781 1515 958 1556 materia
995 1517 1094 1556 sunt
1131 1515 1322 1556 aedificia
1352 1517 1394 1556 et

65 1579 288 1621 structuris
326 1593 372 1620 ac
403 1578 637 1620 fornicibus
668 1580 937 1620 continentur
967 1582 1161 1634 tectaque
1196 1582 1297 1620 sunt
1326 1594 1392 1620 ru-

66 1644 160 1686 dere
181 1646 254 1685 aut
271 1643 536 1698 pavimentis.
578 1642 730 1685 Caesar
747 1644 930 1685 maxime
950 1644 1158 1698 studebat,
1180 1646 1240 1697 ut,
1265 1658 1392 1698 quam
1417 1654 1438 1684 4

65 1709 408 1764 angustissimam
432 1709 766 1763 partem-oppidi
790 1709 912 1763 palus
932 1723 956 1749 a
974 1709 1148 1750 meridie
1173 1709 1393 1749 interiecta

65 1773 289 1827 efficiebat,
320 1773 428 1814 hanc
461 1773 657 1827 operibus
689 1774 907 1828 vineisque
939 1774 1113 1829 agendis
1146 1773 1197 1814 ab
1229 1773 1393 1828 reliqua

63 1841 181 1893 parte
220 1837 338 1879 urbis
379 1836 635 1892 excluderet,
680 1837 785 1879 illud
826 1841 1039 1893 spectans,
1083 1838 1288 1892 primum,
1331 1841 1391 1888 ut,
1417 1847 1437 1878 5

65 1917 158 1944 cum
189 1903 233 1943 in
266 1902 368 1943 duas
399 1905 540 1956 partes
573 1906 684 1944 esset
714 1902 815 1944 urbs
849 1903 999 1957 divisa,
1039 1903 1148 1944 acies
1180 1916 1264 1943 uno
1297 1916 1391 1943 con-

65 1967 158 2009 silio
197 1970 322 2022 atque
360 1967 536 2021 imperio
575 1967 956 2021 administraretur,
998 1967 1163 2021 deinde,
1200 1970 1247 2008 ut
1278 1967 1391 2007 labo-

63 2032 254 2074 rantibus
275 2032 461 2073 succurri
487 2034 613 2085 atque
639 2046 690 2072 ex
716 2032 848 2073 altera
873 2032 1017 2087 oppidi
1041 2034 1160 2086 parte
1187 2031 1391 2072 auxilium

64 2097 163 2138 ferri
193 2100 354 2151 posset,
394 2096 589 2151 inprimis
620 2111 736 2150 vero,
775 2100 822 2138 ut
854 2112 963 2152 aqua
991 2097 1231 2151 pabuloque
1264 2096 1391 2136 abun-

67 2162 200 2216 daret,
242 2177 419 2217 quarum
458 2161 631 2203 alterius
668 2161 729 2202 rei
767 2162 931 2215 copiam
964 2161 1178 2215 exiguam,
1219 2159 1392 2200 alterius

66 2225 224 2266 nullam
265 2226 435 2267 omnino
474 2225 719 2267 facultatem
762 2225 966 2280 habebat3
1011 2225 1123 2279 quod
1166 2227 1391 2279 utrumque

64 2287 181 2344 large
212 2290 333 2344 palus
364 2290 564 2344 praebere
595 2293 771 2345 poterat.

1140 2357 1184 2391 1*
