1638 2600
495 84 596 119 CAP.
622 84 966 120 XXXI—XXXHH.
1344 87 1400 127 23

73 180 226 222 minori
269 179 443 220 tradidit
486 194 664 235 regnum
711 181 943 235 maiorique
987 196 1039 223 ex
1089 181 1250 223 duabus
1293 181 1406 235 filiis,

74 244 335 298 Cleopatrae,
377 259 482 298 quae
521 248 733 286 manserat
769 246 813 286 in
844 245 926 286 fide
958 245 1263 301 praesidiisque
1297 246 1405 300 eius;

73 309 296 362 minorem,
326 307 554 362 Arsinoen,
587 310 706 350 cuius
738 310 906 351 nomine
940 310 1012 351 diu
1044 324 1241 365 regnasse
1274 311 1404 364 impo-

71 376 210 416 tenter
230 372 501 427 Ganymeden
523 374 759 428 docuimus,
786 374 987 416 deducere
1008 386 1060 415 ex
1085 389 1216 430 regno
1242 375 1405 428 statuit,

71 453 123 480 ne
155 452 239 492 qua
268 452 415 479 rursus
448 453 556 479 nova
588 439 814 493 dissensio,
845 438 1093 493 priusquam
1126 440 1404 481 diuturnitate

70 502 421 544 confirmarentur
446 503 617 557 regibus
643 503 830 557 imperia,
861 518 936 557 per
960 502 1153 545 homines
1180 504 1404 546 seditiosos

71 569 323 609 nasceretur.
373 567 581 622 Legiones
607 568 667 609 ibi
692 570 889 609 veterana
915 569 1035 608 sexta
1060 582 1202 609 secum
1233 568 1405 610 reducta

70 634 230 674 ceteras
264 630 450 686 reliquit,
482 646 565 686 quo
596 632 760 674 firmius
789 634 899 673 esset
925 645 1070 672 eorum
1096 647 1245 687 regum
1277 633 1405 687 impe-

70 696 193 750 rium,
225 696 297 750 qui
322 711 457 750 neque
478 711 663 738 amorem
683 711 856 737 suorum
875 696 1030 738 habere
1050 699 1260 751 poterant,
1293 697 1406 752 quod

68 760 253 802 fideliter
283 763 605 814 permanserant
635 761 679 802 in
712 760 901 803 Caesaris
933 761 1136 816 amicitia,
1172 776 1308 816 neque
1339 776 1405 803 ve-

66 824 242 866 tustatis
282 825 596 879 auctoritatem,
636 825 781 879 paucis
821 826 968 867 diebus
1008 839 1130 880 reges
1171 826 1404 867 constituti.

70 888 209 931 Simul
240 888 292 929 ad
329 889 497 943 imperii
534 890 670 931 nostri
702 889 954 945 dignitatem
984 889 1300 944 utilitatemque
1331 905 1404 945 pu-

68 954 223 995 blicam
264 954 475 1007 pertinere
514 954 800 1009 existimabat,
839 955 875 996 si
911 957 1205 1009 permanerent
1241 955 1286 996 in
1322 955 1405 996 fide

68 1033 206 1074 reges,
248 1019 471 1072 praesidiis
512 1033 582 1060 eos
621 1019 778 1060 nostris
811 1034 900 1061 esse
932 1022 1068 1074 tut0s3
1106 1019 1142 1061 si
1174 1022 1314 1061 essent
1344 1020 1404 1061 in-

69 1084 198 1139 grati,
229 1097 352 1137 posse
385 1083 519 1124 isdem
551 1084 774 1138 praesidiis
806 1084 998 1125 coerceri.
1061 1083 1131 1125 Sic
1162 1084 1287 1126 rebus
1319 1099 1404 1126 om-

47 1149 193 1205 ·nibus
238 1148 442 1189 confectis
493 1151 535 1189 et
585 1148 801 1190 collocatis
845 1148 936 1202 ipse
980 1148 1151 1202 [itinere
1194 1149 1403 1203 terrestri]

67 1213 283 1268 profectus
316 1215 380 1253 est
412 1212 456 1253 in
490 1211 666 1266 Syriam.

154 1275 375 1318 XXXIIII.
406 1276 521 1317 Dum
539 1276 643 1318 haec
662 1277 706 1317 in
726 1276 924 1332 Aegypto
947 1280 1165 1332 geruntur,
1187 1292 1262 1319 rex
1280 1277 1403 1320 Deio-

66 1345 183 1385 tarus
210 1341 263 1381 ad
287 1340 527 1381 Domitium
554 1340 787 1396 Calvinum,
825 1342 893 1382 cui
921 1340 1073 1383 Caesar
1097 1340 1246 1383 Asiam
1276 1343 1403 1383 finiti-

68 1420 241 1461 masque
291 1405 532 1459 provincias
584 1405 937 1447 administrandas
987 1405 1238 1459 tradiderat,
1287 1407 1404 1447 venit

67 1473 251 1523 oratum,
289 1484 341 1510 ne
379 1468 627 1510 Armeniam
658 1471 883 1525 minorem,
914 1484 1093 1525 regnum
1126 1484 1269 1525 suum,
1300 1485 1403 1512 neve

67 1534 394 1590 Cappadociam,
426 1547 605 1588 regnum
636 1533 955 1589 Ariobarzanis,
989 1534 1199 1589 possideri
1229 1536 1404 1577 vastari-

66 1615 148 1655 que
178 1601 396 1653 pateretur
428 1613 452 1639 a
476 1598 711 1654 Pharnace3
744 1614 827 1654 quo
859 1599 970 1640 malo
996 1599 1079 1641 nisi
1110 1590 1404 1655 liberarentur,
1438 1648 1439 1651 Ἴ

66 1665 272 1719 imperata
315 1678 359 1704 se
402 1663 538 1704 facere
589 1664 894 1718 pecuniamque
937 1664 1191 1719 promissam
1235 1664 1404 1707 Caesari

64 1744 150 1771 non
186 1743 310 1784 posse
348 1728 598 1782 persolvere.
660 1727 896 1783 Domitius,
937 1743 1022 1770 non
1054 1731 1221 1770 tantum
1252 1730 1305 1770 ad
1336 1745 1402 1771 ex-

64 1793 282 1849 plicandos
321 1795 516 1847 sumptus
548 1793 609 1834 rei
648 1793 845 1835 militaris
879 1807 975 1834 cum
1012 1793 1234 1847 pecuniam
1265 1808 1402 1836 neces-

64 1859 219 1900 sariam
245 1872 335 1900 esse
367 1858 584 1913 iudicaret,
615 1858 690 1900 sed
716 1858 844 1899 etiam
870 1861 994 1912 turpe
1025 1858 1183 1912 populo
1209 1858 1401 1900 Romano

64 1926 108 1965 et
148 1922 191 1965 C.
230 1922 399 1964 Caesari
441 1923 595 1964 victori
639 1923 805 1978 sibique
850 1923 1006 1964 infame
1050 1938 1140 1965 esse
1184 1926 1402 1977 statueret,

64 2001 194 2042 regna
219 1987 432 2029 sociorum
457 1990 583 2042 atque
609 1987 842 2029 amicorum
875 1988 925 2029 ab
952 1990 1127 2030 externo
1159 2001 1257 2042 rege
1284 2001 1401 2028 occu-

63 2052 167 2107 pari,
197 2052 370 2093 nuntios
402 2052 625 2094 confestim
657 2052 709 2093 ad
739 2052 1001 2094 Pharnacem
1032 2053 1163 2107 misit,
1195 2051 1401 2093 Armenia

65 2114 412 2171 Cappadociaque
444 2117 662 2159 decederet
692 2132 797 2160 neve
829 2118 1105 2173 occupatione
1136 2117 1238 2159 belli
1264 2115 1400 2158 civilis

63 2181 210 2235 populi
249 2181 432 2223 Romani
475 2182 542 2224 ius
586 2182 936 2237 maiestatemque
980 2184 1217 2236 temptaret.
1279 2179 1400 2222 Hanc

63 2244 425 2288 denuntiationem
452 2261 547 2289 cum
573 2247 776 2288 maiorem
801 2247 889 2288 vim
919 2246 1161 2287 habituram
1188 2245 1399 2287 existima-

62 2312 143 2364 ret,
182 2310 218 2352 si
249 2311 422 2365 propius
455 2326 524 2353 eas
555 2311 749 2366 regiones
782 2326 878 2353 cum
913 2311 1100 2352 exercitu
1143 2310 1399 2365 accessisset,

1430 1742 1448 1771 10
