1638 2600
531 101 632 136 CAP.
657 102 893 138 Lv-Lvm.
1323 106 1378 146 37

0 200 6 209 '
49 197 272 253 egreditur,
303 210 424 237 mane
455 198 648 250 pervenit
678 197 879 240 Naevam
941 198 1007 241 Ibi
1039 214 1133 241 eum
1167 200 1289 254 diem,
1320 204 1380 255 ut,

47 261 147 318 quid
172 263 379 315 ageretur,
410 262 679 316 perspiceret,
711 266 899 304 moratus
930 262 1179 305 Carmonem
1212 267 1378 306 conten-

77 326 117 368 t.
176 323 279 379 Hic,
320 339 415 366 cum
453 325 565 380 legio
604 338 698 367 xxx
735 329 777 368 et
817 338 898 369 XXI
936 331 979 369 et
1015 328 1210 370 cohortes
1241 340 1289 369 IV
1327 344 1377 370 ex
1403 341 1423 370 3

115 389 281 445 legione
326 392 528 444 totusque
570 391 834 432 convenisset
878 392 1112 447 equitatus,
1161 392 1280 434 audit
1330 405 1378 434 IV

67 454 236 497 chortes
268 468 292 494 a
321 454 559 526 vernaculi-s
591 469 812 527 oppressas
845 455 897 496 ad
923 454 1157 529 Obuculam
1189 471 1284 498 cum
1309 456 1377 498 his

0 652 4 678 ¹
43 647 243 691 Celeriter
272 646 419 688 habito
446 647 622 689 consilio
653 647 711 689 M.
730 648 978 690 Marcellum
1005 654 1258 703 quaestorem
1278 650 1374 692 Cor·
1400 663 1422 692 4

11 704 14 710 λ
42 712 213 766 dubam,
244 713 294 752 ut
325 725 416 752 eam
448 711 491 752 in
522 714 732 765 potestate
763 713 985 768 retineret,
1017 713 1063 763 Q.
1098 713 1288 756 Cassium
1320 716 1373 757 le-

41 780 187 834 gatum
235 774 449 829 Hispalim
498 777 644 818 mittit.
721 776 873 818 Paucis
923 778 960 819 ei
1010 778 1157 820 diebus
1201 780 1374 821 affertur
1400 790 1419 820 5

41 843 293 885 conventum
321 839 632 882 Cordubensem
659 841 710 881 ab
737 856 784 882 eo
818 842 1018 884 defecisse
1042 842 1373 898 Marcellumque

39 909 112 949 aut
142 904 361 946 voluntate
394 906 466 945 aut
496 905 746 946 necessitate
779 906 1006 948 adductum
1032 932 1089 937 —
1117 923 1298 963 namque
1330 908 1374 949 id

0 978 7 1003 1
66 971 152 1012 arie
189 969 466 1010 nuntiabatur
505 994 561 999 —
602 971 838 1011 consentire
879 986 974 1012 cum
1013 971 1373 1027 Cordubensibus3

38 1036 141 1078 duas
180 1033 374 1075 cohortes
412 1032 592 1088 legionis
629 1046 676 1089 v,
724 1049 829 1089 quae
866 1036 1034 1077 fuerant
1072 1035 1290 1079 Cordubae
1328 1038 1371 1078 in

8 1094 12 1100 ’
67 1098 265 1151 raesidio,
311 1096 422 1138 idem
465 1097 612 1138 facere.
681 1097 850 1140 Cassius
892 1100 960 1141 his
1003 1101 1129 1142 rebus
1174 1102 1370 1143 incensus
1397 1112 1417 1142 6

82 1166 179 1206 ovet
210 1164 347 1204 castra
379 1165 420 1202 et
450 1165 619 1215 postero
653 1163 718 1204 die
752 1163 975 1218 Segoviam
1008 1165 1060 1206 ad
1091 1166 1249 1208 flumen
1279 1165 1370 1208 Sin-

37 1229 213 1284 giliense
249 1226 376 1267 venit.
438 1225 504 1266 Ibi
546 1226 693 1267 habita
729 1229 924 1269 contione
964 1229 1149 1270 militum
1189 1233 1372 1284 temptat

37 1294 218 1346 animos3
251 1305 357 1345 quos
389 1291 607 1344 cognoscit
638 1306 723 1331 non
748 1306 835 1346 sua,
867 1293 940 1333 sed
967 1292 1157 1334 Caesaris
1183 1295 1370 1336 absentis

37 1372 160 1401 causa
191 1355 274 1397 sibi
304 1354 533 1395 fidissimos
561 1369 650 1396 esse
682 1355 929 1410 nullumque
961 1357 1196 1410 periculum
1228 1359 1370 1412 depre-

36 1426 221 1474 caturos,
262 1419 362 1460 dum
399 1433 475 1472 per
505 1433 576 1460 eos
609 1418 776 1461 Caesari
813 1421 1032 1474 provincia
1062 1422 1369 1464 restitueretur.

121 1483 275 1527 LVIH.
316 1483 493 1525 Interim
524 1483 676 1525 Torius
709 1484 760 1524 ad
787 1483 1026 1525 Cordubam
1051 1488 1213 1527 veteres
1239 1486 1368 1542 legio·
1396 1498 1413 1527 1

35 1566 108 1594 nes
134 1549 305 1592 adducit
336 1563 395 1603 ac,
420 1563 471 1589 ne
498 1549 772 1590 dissensionis
804 1549 974 1590 initium
1000 1552 1148 1591 natum
1169 1550 1370 1593 seditiosa

36 1616 219 1658 militum
257 1628 416 1668 suaque
454 1616 606 1654 natura
634 1613 867 1668 videretur,
905 1614 1033 1655 simul
1063 1617 1112 1656 ut
1143 1618 1289 1656 contra
1321 1615 1368 1665 Q.

37 1679 244 1734 Cassium,
289 1678 362 1733 qui
399 1677 589 1719 Caesaris
626 1679 795 1719 nomine
835 1678 1067 1719 maioribus
1104 1678 1266 1720 viribus
1304 1680 1368 1721 uti

35 1745 272 1798 videbatur,
311 1757 441 1797 aeque
479 1746 695 1797 potentem
728 1746 960 1796 opponeret
992 1742 1261 1798 dignitatem,
1294 1743 1366 1786 Cn.

35 1809 235 1864 Pompeio
273 1823 316 1849 se
353 1807 614 1861 provinciam
652 1821 897 1860 recuperare
928 1807 1036 1849 velle
1076 1807 1217 1862 palam
1249 1809 1368 1850 dicti-

36 1874 161 1916 tabat.
220 1872 280 1914 Et
309 1872 490 1914 forsitan
521 1873 648 1913 etiam
679 1871 760 1913 hoc
793 1871 942 1913 fecerit
974 1872 1070 1913 odio
1103 1871 1292 1914 Caesaris
1325 1877 1367 1916 et
1393 1885 1413 1914 2

36 1952 173 1980 amore
198 1937 387 1991 Pompei,
419 1937 538 1978 cuius
569 1951 722 1978 nomen
752 1935 935 1977 multum
966 1939 1136 1991 poterat
1161 1938 1273 1992 apud
1298 1953 1366 1980 eas

2 2047 4 2051 f
34 2001 231 2058 legiones,
263 2016 367 2056 quas
385 2000 441 2041 M.
468 2000 604 2042 Varro
625 2001 878 2042 obtinuerat.
929 1999 1011 2042 Sed
1042 2001 1086 2042 id
1106 2016 1189 2055 qua
1213 2006 1366 2057 mente,

35 2067 266 2108 eommunis
305 2068 395 2107 erat
431 2065 687 2106 coniectura:
732 2068 842 2106 certe
878 2065 960 2107 hoc
997 2080 1096 2120 prae
1135 2080 1178 2106 se
1213 2066 1365 2107 Torius

0 2155 4 2160 ·
34 2129 201 2172 ferebat.
261 2129 420 2171 Milites
464 2130 566 2170 adeo
610 2130 950 2184 infatuabantur,
991 2133 1041 2171 ut
1079 2129 1150 2170 Cn.
1188 2129 1363 2183 Pompei
1391 2141 1410 2170 3

0 2220 2 2225 ·
34 2208 184 2236 nomen
215 2195 259 2236 in
291 2195 422 2236 scutis
453 2195 705 2248 inscriptum
730 2194 944 2236 haberent.
993 2193 1209 2248 Frequens
1234 2193 1362 2248 legio-
1388 2206 1410 2235 4

34 2259 157 2300 nibus
183 2262 411 2301 conventus
438 2259 605 2300 obviam
630 2259 784 2313 prodit,
814 2273 950 2312 neque
975 2261 1141 2299 tantum
1164 2258 1364 2312 virorum,

35 2322 107 2364 sed
143 2323 268 2364 etiam
306 2326 489 2364 matrum
519 2323 702 2364 familias
735 2338 781 2364 ac
815 2325 1189 2377 praetextatorum,
1221 2321 1363 2376 depre-
