1669 2574
246 94 302 135 28
604 94 799 128 BELLUM
824 93 1223 128 ALEXANDRINUM.

242 190 322 231 bus
347 193 512 231 retenta
538 204 623 231 non
648 192 815 230 tantum
842 189 931 229 sine
958 189 1202 243 ignominia,
1231 189 1305 230 sed
1330 189 1458 230 etiam
1483 204 1575 230 cum
1633 181 1635 186 Α
1665 184 1669 208 ³

197 264 216 293 ‘2
243 254 365 294 laude
403 257 502 294 erat.
565 252 760 307 Namque
799 267 847 294 eo
885 252 1041 294 missus
1082 256 1239 294 aestate
1280 268 1375 294 cum
1417 253 1579 294 duabus
1634 248 1669 273 '⁶

242 317 482 372 legionibus
515 316 561 366 Q.
595 315 857 371 Cornificius,
890 316 1078 358 Caesaris
1112 321 1321 372 quaestor,
1353 332 1429 371 pro
1461 333 1574 371 prae·
1636 345 1637 350 ,
1665 312 1669 337 ⁵

243 386 354 436 tore,
399 397 653 436 quamquam
698 385 787 424 erat
835 382 1054 436 provincia
1095 383 1270 424 minime
1314 383 1485 436 copiosa
1527 383 1577 424 ad
1636 417 1638 434 =

244 447 452 487 exercitus
491 446 661 488 alendos
700 450 742 488 et
778 446 962 487 finitimo
1004 447 1114 488 bello
1155 462 1202 488 ac
1245 447 1579 488 dissensionibus
1638 441 1669 446 Α

245 511 435 552 confecta
465 514 507 553 et
531 514 707 565 vastata,
740 514 881 552 tamen
912 511 1137 564 prudentia
1167 526 1214 552 ac
1247 511 1468 566 diligentia
1493 526 1581 567 sua,
1638 511 1639 540 l

245 576 357 629 quod
387 590 586 631 magnam
619 591 762 618 curam
794 574 1068 629 suscipiebat,
1099 589 1152 616 ne
1185 590 1267 629 quo
1299 579 1456 616 temere
1487 590 1580 629 pro·

198 648 217 677 3
245 639 500 694 grederetur,
531 643 572 681 et
603 640 762 694 recepit
788 642 829 680 et
856 639 1052 680 defendit.
1113 639 1308 695 Namque
1341 643 1382 681 et
1409 640 1582 681 castella
1640 666 1642 695 ξ

245 703 462 757 complura
496 704 601 746 locis
640 705 763 745 editis
801 704 960 758 posita,
999 718 1179 758 quorum
1218 704 1485 758 oportunitas
1519 718 1580 745 ca·
1640 708 1643 752 ’,

245 767 444 809 stellanos
470 768 715 823 impellebat
741 768 794 809 ad
819 768 1085 809 decursiones
1117 768 1328 810 faciendas
1355 771 1397 810 et
1422 768 1581 809 bellum

244 832 525 887 inferendum,
565 833 827 887 expugnavit
859 847 989 886 eaque
1020 832 1176 887 praeda
1205 832 1363 874 milites
1397 832 1582 886 donavit,
1642 847 1650 875 κ

246 910 352 949 quae
377 896 457 937 etsi
484 899 572 937 erat
604 897 755 951 tenuis,
787 899 929 937 tamen
955 896 999 937 in
1025 899 1146 938 tanta
1171 897 1412 951 provinciae
1439 897 1581 951 despe-

244 960 408 1002 ratione
446 964 534 1002 erat
572 963 712 1015 grata,
749 962 998 1015 praesertim
1035 961 1195 1002 virtute
1232 963 1371 1015 parta,
1413 964 1454 1001 et
1486 975 1582 1001 cum
1644 967 1647 1018 ff

246 1022 446 1065 Octavius
485 1039 535 1065 ex
572 1024 675 1079 fuga
711 1024 946 1067 Pharsalici
986 1025 1137 1079 proelii
1178 1039 1333 1080 magna
1370 1025 1501 1066 classe
1539 1026 1583 1066 in

246 1088 366 1129 illum
405 1103 448 1129 se
486 1089 625 1129 sinum
658 1089 925 1144 contulisset,
962 1090 1109 1144 paucis
1140 1090 1319 1131 navibus
1351 1088 1578 1132 Iadertino-

246 1168 352 1207 rum,
383 1167 563 1207 quorum
589 1168 754 1207 semper
779 1154 823 1194 in
854 1154 1159 1208 rempublicam
1189 1154 1404 1209 singulare
1431 1156 1582 1196 consti-

246 1221 355 1258 terat
386 1217 591 1271 officium,
630 1217 830 1271 dispersis
864 1217 1106 1260 Octavianis
1137 1219 1320 1260 navibus
1355 1222 1445 1260 erat
1475 1220 1583 1273 poti-

246 1284 333 1335 tus,
376 1284 425 1322 ut
460 1281 528 1323 vel
565 1281 697 1323 classe
736 1283 935 1324 dimicare
972 1286 1116 1337 posset
1155 1283 1364 1324 adiunctis
1403 1284 1583 1337 captivis

199 1356 220 1385 4
246 1347 425 1387 navibus
457 1346 678 1387 sociorum.
742 1346 847 1388 Cum
880 1348 1169 1388 diversissima
1205 1349 1324 1401 parte
1357 1347 1471 1388 orbis
1503 1351 1582 1389 ter-

246 1425 387 1451 rarum
427 1410 498 1451 Cn.
530 1410 782 1465 Pompeium
823 1411 974 1453 Caesar
1014 1412 1151 1453 victor
1191 1414 1436 1466 sequeretur
1474 1427 1583 1454 com—

246 1476 472 1530 pluresque
498 1468 758 1516 adversarios
790 1476 834 1517 in
861 1475 1082 1530 Illyricum
1113 1479 1287 1531 propter
1312 1475 1584 1519 Macedoniae

246 1540 608 1594 propinquitatem
641 1554 684 1580 se
715 1540 907 1595 reliquiis
934 1556 985 1582 ex
1009 1542 1114 1596 fuga
1140 1540 1328 1582 collectis
1355 1541 1583 1583 contulisse

248 1604 428 1658 audiret,
459 1604 622 1645 litteras
654 1604 707 1644 ad
740 1603 969 1646 Gabinium
1001 1605 1154 1659 mittit,
1185 1605 1250 1646 uti
1284 1619 1378 1646 cum
1409 1605 1583 1660 legioni-

247 1670 326 1710 bus
357 1669 557 1723 tironum,
590 1683 695 1723 quae
727 1684 861 1723 nuper
893 1673 1013 1711 erant
1041 1670 1317 1724 conscriptae,
1348 1670 1583 1724 proficisce-

247 1737 364 1775 retur
395 1734 439 1774 in
463 1732 684 1787 Illyricum
717 1735 1039 1789 coniunctisque
1072 1734 1206 1788 copiis
1240 1748 1335 1775 cum
1368 1733 1414 1783 Q.
1442 1733 1584 1775 Corni-

247 1798 357 1851 ficio,
377 1798 412 1838 si
433 1798 546 1852 quod
565 1797 800 1851 periculum
820 1799 1062 1852 provinciae
1083 1799 1320 1853 inferretur,
1341 1798 1584 1853 depelleret,

249 1862 314 1903 sin
346 1877 394 1902 ea
430 1876 516 1903 non
553 1863 719 1917 magnis
754 1863 887 1917 copiis
925 1866 1020 1904 tuta
1051 1878 1141 1904 esse
1178 1866 1339 1917 posset,
1377 1863 1420 1904 in
1450 1862 1585 1904 Mace-

203 1940 223 1970 5
251 1926 418 1967 doniam
438 1926 626 1981 legiones
653 1927 888 1969 adduceret.
944 1927 1123 1968 Omnem
1143 1928 1255 1968 enim
1280 1927 1398 1968 illam
1423 1929 1585 1981 partem

250 1990 549 2045 regionemque
580 1991 677 2032 vivo
711 1990 782 2031 Cn.
815 1991 1018 2046 Pompeio
1056 1991 1216 2032 bellum
1254 1991 1585 2032 instauraturam

251 2070 340 2096 esse
374 2055 579 2096 credebat.

205 2133 222 2162 1
338 2118 577 2160 XXXXIII.
618 2119 823 2161 Gabinius
855 2124 902 2160 ut
934 2120 977 2160 in
1010 2119 1229 2174 Illyricum
1261 2121 1377 2161 venit
1408 2120 1585 2161 hiberno

251 2188 440 2238 tempore
472 2184 571 2225 anni
610 2199 656 2225 ac
695 2184 858 2225 difficili
894 2185 982 2225 sive
1015 2185 1292 2238 copiosiorem
1324 2185 1586 2238 provinciam

252 2249 499 2290 existimans
532 2249 619 2290 sive
650 2248 833 2289 multum
865 2249 1060 2289 fortunae
1092 2249 1265 2290 victoris
1299 2248 1488 2290 Caesaris
1514 2249 1586 2289 tri-

252 2314 385 2353 buens
419 2313 506 2354 sive
538 2313 695 2354 virtute
728 2316 769 2353 et
801 2313 976 2353 scientia
1009 2327 1084 2354 sua
1116 2314 1298 2354 confisus
1308 2346 1318 2367 ,
1351 2328 1434 2367 qua
1465 2328 1587 2361 saepe
