1638 2600
533 102 633 138 CAP.
658 103 995 139 LXVIII—LXXII.
1373 106 1430 145 45

98 197 236 239 Ponto
262 197 467 252 negotiati
493 201 645 253 essent,
677 200 875 253 quoniam
900 201 945 242 in
971 201 1183 255 integrum
1208 201 1430 242 restituere

99 277 183 304 non
209 265 365 316 posset,
397 263 623 304 concedere
648 263 865 305 Pharnaci.
909 264 1020 306 Nam
1041 280 1175 319 neque
1195 265 1429 306 interfectis
1456 276 1477 306 6

99 327 296 368 amissam
339 326 472 367 vitam
516 341 650 382 neque
694 328 873 369 exsectis
916 329 1164 370 virilitatem
1206 330 1429 370 restituere

96 405 237 446 posse3
269 390 383 445 quod
402 390 572 444 quidem
592 391 846 446 supplicium
866 393 1037 446 gravius
1059 396 1196 435 morte
1216 394 1328 435 cives
1347 392 1428 434 Ro-

95 456 210 496 mani
241 455 465 496 subissent.
527 454 665 497 Ponto
690 470 788 497 vero
815 456 1032 498 decederet
1057 458 1278 499 confestim
1309 457 1427 498 fami-
1456 467 1476 498 7

95 520 258 574 liasque
296 519 619 574 publicanorum
656 520 890 562 remitteret
928 524 1148 576 ceteraque
1186 522 1429 564 restitueret

95 585 221 626 sociis
266 584 513 638 civibusque
556 584 776 639 Romanis,
820 600 926 639 quae
968 600 1097 640 penes
1138 601 1234 628 eum
1278 589 1427 628 essent.

95 649 151 690 Id
174 649 210 690 si
238 648 409 690 fecisset
440 649 535 702 iam,
567 652 668 690 tunc
699 649 781 690 sibi
812 650 1002 691 mitteret
1033 665 1209 692 munera
1234 665 1281 692 ac
1307 651 1427 704 dona7
1453 660 1473 691 8

95 728 200 768 quae
233 714 338 754 bene
370 713 495 754 rebus
528 713 659 767 gestis
685 713 959 768 imperatores
985 715 1037 755 ab
1067 715 1213 756 amicis
1239 716 1426 769 accipere

92 780 376 819 consuessent.
417 777 593 818 Miserat
618 777 729 819 enim
755 779 794 820 ei
818 779 1057 821 Pharnaces
1083 794 1281 821 coronam
1311 795 1425 821 aure-

93 857 172 884 am.
234 842 314 883 His
346 842 559 896 responsis
592 842 700 883 datis
732 843 895 898 legatos
927 844 1101 885 remisit.

179 905 328 947 LXXI.
378 905 438 946 At
473 905 711 948 Pharnaces
748 907 981 949 liberaliter
1017 908 1159 949 omnia
1195 907 1424 962 pollicitus,
1453 919 1469 948 1

91 987 187 1013 cum
225 972 497 1012 festinantem
530 985 577 1011 ac
612 975 952 1025 praecurrentem
984 971 1204 1014 Caesarem
1238 976 1425 1027 speraret

90 1036 293 1077 libentius
332 1035 458 1076 etiam
498 1035 757 1077 crediturum
795 1037 882 1078 suis
919 1037 1158 1091 promissiS,
1199 1052 1326 1091 quam
1357 1053 1424 1079 res

89 1103 317 1154 pateretur,
349 1114 432 1153 quo
465 1099 641 1140 celerius
672 1099 976 1155 honestiusque
1008 1101 1059 1142 ad
1090 1115 1156 1142 res
1187 1102 1324 1156 magis
1354 1117 1422 1143 ne-

89 1165 291 1206 cessarias
322 1164 661 1217 proficisceretur
691 1190 749 1195 —
779 1166 938 1206 nemini
969 1166 1081 1207 enim
1107 1167 1197 1207 erat
1228 1166 1422 1220 ignotum

88 1229 282 1283 plurimis
322 1228 371 1269 de
409 1228 546 1269 causis
587 1228 639 1268 ad
679 1229 828 1271 urbem
873 1229 1093 1271 Caesarem
1135 1230 1323 1272 revocari
1365 1255 1423 1260 —

86 1293 242 1334 lentius
263 1306 398 1347 agere,
431 1291 656 1333 decedendi
679 1293 789 1334 diem
814 1294 1030 1348 postulare
1055 1295 1304 1349 longiorem,
1328 1309 1421 1348 pac-

85 1358 223 1399 tiones
255 1357 534 1410 interponere,
565 1356 609 1397 in
642 1371 808 1398 summa
836 1358 1033 1399 frustrari
1065 1359 1214 1412 coepit.
1271 1358 1423 1400 Caesar
1448 1369 1468 1400 2

88 1423 259 1478 cognita
290 1421 519 1463 calliditate
549 1420 756 1475 hominis,
789 1422 901 1476 quod
933 1421 1026 1463 aliis
1059 1422 1321 1476 temporibus
1353 1438 1421 1463 na-

85 1490 184 1529 tura
209 1487 345 1527 facere
366 1489 652 1540 consueverat,
678 1488 779 1527 tunc
804 1487 1053 1528 necessitate
1077 1487 1179 1528 fecit
1204 1487 1421 1542 adductus,

83 1555 132 1594 ut
163 1551 340 1593 celerius
373 1550 563 1591 omnium
596 1550 793 1604 opinione
824 1566 998 1592 manum
1023 1555 1272 1594 consereret.

170 1614 341 1658 LXXII.
374 1614 473 1656 Zela
498 1617 562 1656 est
588 1614 790 1668 oppidum
816 1614 860 1655 in
884 1614 1022 1656 Ponto
1048 1615 1248 1669 positum,
1279 1615 1419 1669 ipsum
1446 1627 1464 1658 1

83 1685 132 1723 ut
150 1681 194 1723 in
213 1681 339 1735 plano
359 1679 452 1721 loco
473 1679 577 1720 satis
596 1679 828 1719 munitum:
855 1679 1045 1721 tumulus
1065 1679 1177 1721 enim
1202 1680 1421 1735 naturalis,

81 1745 199 1788 velut
230 1759 357 1787 manu
388 1744 537 1798 factus,
569 1743 797 1784 excelsiore
823 1744 1012 1798 undique
1038 1744 1210 1799 fastigio
1236 1745 1420 1787 sustinet

81 1825 261 1851 murum.
294 1808 593 1863 Circumpositi
613 1810 713 1849 sunt
731 1807 831 1849 huic
857 1808 1013 1862 oppido
1039 1808 1183 1862 magni
1210 1808 1418 1863 multique
1444 1821 1464 1851 2

81 1875 270 1917 intercisi
300 1874 482 1915 vallibus
515 1872 660 1927 colles;
693 1887 873 1926 quorum
905 1872 1166 1914 editissimus
1191 1887 1313 1928 unus,
1345 1874 1418 1928 qui

80 1942 254 1994 propter
289 1939 511 1980 victoriam
548 1936 813 1978 Mithridatis
851 1940 893 1979 et
929 1937 1226 1979 infelicitatem
1263 1937 1418 1979 Triarii

81 2004 463 2058 detrimentumque
490 2002 700 2044 exercitus
720 2002 856 2043 nostri
882 2002 1172 2056 superioribus
1198 2005 1416 2056 acceptum

79 2067 340 2121 temporibus
364 2080 563 2121 magnam
590 2065 635 2106 in
660 2064 746 2106 illis
771 2066 964 2119 partibus
988 2066 1119 2108 habet
1137 2066 1416 2121 nobilitatem,

78 2146 209 2186 paene
235 2132 483 2173 coniunctus
508 2134 566 2173 est
589 2129 744 2184 oppido
770 2145 847 2172 nec
872 2131 1008 2173 multo
1039 2131 1210 2186 longius
1242 2131 1415 2172 milibus

79 2210 278 2249 passuum
315 2208 366 2237 ΠΙ
404 2195 523 2236 abest
563 2195 614 2235 ab
655 2194 765 2236 Zela.
826 2194 952 2237 Hunc
992 2195 1133 2237 locum
1172 2195 1412 2237 Pharnaces
1438 2207 1459 2238 3

79 2259 291 2300 veteribus
315 2262 587 2313 paternorum
612 2258 801 2301 felicium
822 2262 1057 2301 castrorum
1082 2259 1252 2300 refectis
1278 2260 1411 2313 operi-

77 2322 157 2363 bus
189 2323 320 2377 copiis
351 2324 439 2365 suis
471 2323 668 2365 omnibus
700 2324 932 2378 occupavit.
