1638 2600
409 88 508 123 CAP.
534 88 1014 124 XXXXIIII-XXXXVIH.
1327 89 1381 129 75

48 186 96 227 ut
131 184 219 225 suis
256 185 458 225 onerariis
495 184 718 240 longisque
755 185 933 226 navibus
977 184 1187 240 praesidio
1233 187 1384 238 essent,

49 249 102 292 ob
150 248 462 303 neglegentiam
513 249 769 304 ignominiae
824 263 948 290 causa
1004 249 1278 291 dimittendos
1333 249 1384 290 ab

48 313 234 356 exercitu
265 313 647 368 gravissimumque
679 314 722 354 in
753 327 824 355 eos
856 314 1040 355 edictum
1065 313 1385 369 proponendum

50 377 221 420 curavit,

133 440 392 483 XXXXVH.
453 441 536 483 Per
566 443 610 484 id
640 445 808 496 tempus
838 441 926 483 fere
959 441 1149 484 Caesaris
1184 442 1387 484 exercitui
1413 453 1430 482 1

48 520 113 548 res
156 505 308 547 accidit
351 506 612 548 incredibilis
657 507 814 548 auditu.
881 506 1077 562 Namque
1114 507 1386 562 vergiliarum

48 571 169 625 signo
207 570 398 611 confecto
437 571 604 612 circiter
640 571 788 626 vigilia
824 570 1007 612 secunda
1043 571 1181 612 noctis
1217 570 1387 612 nimbus

48 649 143 677 cum
185 649 312 675 saxea
355 635 559 689 grandine
603 635 743 676 subito
781 638 846 676 est
883 637 1055 676 exortus
1092 635 1253 690 ingens.
1319 634 1388 676 Ad
1413 645 1433 675 2

47 698 127 742 hoc
158 701 299 740 autem
331 699 645 741 incommodum
681 702 929 753 accesserat,
968 699 1081 754 quod
1113 698 1266 740 Caesar
1301 714 1387 740 non

47 777 163 805 more
194 763 458 817 superiorum
484 767 723 819 temporum
748 764 790 805 in
815 763 1005 806 hibernis
1030 763 1267 805 exercitum
1293 777 1387 804 con-

47 827 227 881 tinebat,
265 827 339 869 sed
370 828 413 869 in
451 828 579 870 tertio
619 830 852 883 quartoque
890 828 957 870 die
993 827 1257 882 procedendo
1293 841 1386 881 pro-

46 892 227 948 piusque
245 891 412 934 hostem
433 893 665 935 accedendo
692 896 830 934 castra
855 891 1155 946 communibat,
1180 905 1388 946 opereque

47 956 237 999 faciendo
269 956 427 997 milites
454 971 498 998 se
524 957 889 1012 circumspiciendi
914 971 999 998 non
1023 956 1237 998 habebant
1260 955 1388 996 facul-

47 1024 189 1064 tatem.
233 1020 459 1062 Praeterea
478 1021 539 1062 ita
562 1037 613 1063 ex
634 1021 780 1064 Sicilia
805 1022 1037 1062 exercitum
1061 1020 1389 1076 transportabat,
1414 1032 1434 1062 3

47 1090 96 1128 ut
125 1088 293 1141 praeter
323 1086 464 1140 ipsum
495 1086 676 1127 militem
710 1089 751 1127 et
785 1100 900 1126 arma
930 1100 1007 1127 nec
1034 1100 1108 1127 vas
1133 1100 1210 1127 nec
1234 1085 1388 1126 manci·

47 1152 165 1206 pium
190 1165 326 1205 neque
352 1151 483 1192 ullam
509 1166 610 1205 rem,
637 1165 744 1206 quae
770 1150 866 1192 usui
891 1150 1019 1191 militi
1043 1165 1134 1192 esse
1160 1149 1389 1203 consuevit,

48 1216 92 1258 in
116 1230 244 1257 naves
269 1215 431 1269 imponi
455 1218 681 1269 pateretur.
731 1214 782 1256 In
806 1214 952 1256 Africa
982 1217 1123 1256 autem
1153 1229 1239 1255 non
1263 1213 1388 1255 modo
1414 1225 1436 1254 4

49 1280 130 1322 sibi
167 1280 393 1334 quicquam
430 1294 516 1320 non
557 1280 846 1334 adquisierant
890 1281 963 1321 aut
1004 1280 1272 1334 paraverant,
1315 1277 1389 1319 sed

50 1345 176 1387 etiam
213 1347 387 1398 propter
425 1359 613 1385 annonae
652 1344 872 1386 caritatem
910 1345 1006 1384 ante
1042 1345 1165 1398 parta
1199 1357 1389 1384 consum-

49 1411 230 1465 pserant.
282 1407 444 1457 Quibus
470 1408 597 1450 rebus
623 1408 831 1450 attenuati
857 1407 1012 1462 oppido
1036 1422 1241 1462 perquam
1265 1407 1390 1461 pauci
1415 1418 1435 1448 5

50 1474 127 1516 sub
164 1473 348 1528 pellibus
387 1473 677 1528 quiescebant3
719 1472 873 1527 reliqui
911 1487 962 1513 ex
999 1472 1265 1513 vestimentis
1301 1474 1389 1513 ten-

50 1537 213 1580 toriolis
250 1537 375 1578 factis
415 1540 541 1591 atque
578 1536 886 1577 harundinibus
924 1536 1147 1590 scopisque
1180 1536 1388 1577 contextis

50 1602 361 1658 permanebant.
416 1601 567 1656 Itaque
593 1601 735 1643 subito
763 1601 898 1642 imbre
930 1600 1217 1656 grandineque
1249 1614 1389 1642 conse·
1416 1611 1436 1642 6

23 1677 25 1679 ’
51 1669 147 1709 cuta
177 1666 362 1721 gravatis
388 1665 573 1720 pondere
598 1665 793 1707 tentoriis
821 1679 1109 1719 aquarumque
1133 1665 1177 1706 vi
1202 1665 1389 1707 subrutis

51 1730 332 1785 disiectisque,
362 1732 486 1772 nocte
518 1730 773 1784 intempesta
797 1729 969 1784 ignibus
995 1730 1229 1784 exstinctis,
1252 1730 1391 1784 rebus,

53 1809 157 1851 quae
188 1795 241 1836 ad
270 1795 431 1836 victum
461 1795 693 1849 pertinent,
731 1794 928 1836 omnibus
967 1794 1177 1849 corruptis
1215 1809 1291 1849 per
1328 1809 1391 1835 ca-

53 1862 139 1902 stra
171 1860 330 1914 passim
366 1860 632 1915 vagabantur
668 1859 884 1913 scutisque
922 1859 1062 1914 capita
1099 1859 1390 1914 contegebant.

53 1923 211 1966 Eadem
241 1927 364 1966 nocte
394 1937 426 1966 V
456 1924 637 1979 legionis
668 1923 853 1978 pilorum
885 1924 1104 1965 cacumina
1134 1938 1210 1965 sua
1241 1926 1391 1979 sponte

54 1991 254 2030 arserunt.

138 2052 418 2095 XXXXVIII.
473 2053 567 2095 Rex
591 2053 762 2095 interim
789 2052 897 2094 Iuba
928 2053 978 2095 de
1011 2053 1198 2107 equestri
1227 2052 1389 2108 proelio
1417 2064 1429 2097 1

55 2115 262 2172 Scipionis
295 2118 449 2159 certior
477 2118 615 2160 factus
647 2121 929 2172 evocatusque
962 2117 1014 2158 ab
1053 2117 1200 2159 eodem
1235 2116 1392 2158 litteris

55 2182 263 2236 praefecto
296 2181 480 2224 Saburra
511 2197 606 2224 cum
637 2185 757 2237 parte
789 2183 997 2224 exercitus
1037 2185 1184 2224 contra
1216 2180 1392 2223 Sittium

0 2254 2 2272 1
55 2245 212 2301 relicto,
242 2249 291 2288 ut
315 2261 457 2288 secum
482 2247 572 2301 ipse
599 2247 760 2302 aliquid
785 2247 1054 2289 auctoritatis
1081 2246 1252 2287 adderet
1280 2261 1393 2288 exer-

56 2309 157 2351 citui
183 2309 392 2365 Scipionis
424 2326 472 2353 ac
501 2314 706 2353 terrorem
734 2311 935 2366 Caesaris,
968 2326 1062 2352 cum
1094 2311 1232 2352 tribus
1263 2310 1393 2365 legio-
