1638 2600
315 140 347 174 A
384 138 534 174 HIRTII
558 139 871 174 FRAGMENTA.
910 139 1184 175 EPISTULAE.
1331 140 1415 181 223

520 264 553 287 a.
574 263 609 287 u.
630 263 658 287 c.
685 252 852 287 DCGIX
876 254 966 296 (45).
1416 243 1539 297 geg-134

350 311 426 346 AD
453 311 508 346 M.
539 311 791 346 TULLIUM
814 310 1140 347 CICERONEM.
1458 308 1523 339 (4⁵).

169 382 240 417 Cic.
261 382 310 416 ad
329 382 403 417 Att.
425 382 522 424 XII,
542 384 599 426 35,
620 386 640 417 1
663 385 711 426 (a.
733 383 766 417 d.
787 383 861 416 III
876 382 961 417 Kal.
983 382 1103 427 Apr.).
1136 382 1259 418 Hirtii
1282 383 1415 427 epistu-

74 429 145 464 lam
172 430 239 464 tibi
263 429 347 463 misi
371 433 403 464 et
427 433 597 464 recentem
622 434 653 465 et
680 430 838 464 benevole
863 430 1043 474 scriptam.

169 488 240 523 Cic.
261 489 311 522 ad
329 488 403 522 Att.
432 488 534 531 XII,
554 491 613 531 37,
632 491 655 522 4
681 491 730 531 (a.
752 489 785 522 d.
806 489 875 523 III
894 489 990 523 Non.
1013 489 1137 532 Mat).
1190 489 1334 524 Hirtius
1368 489 1418 524 ad

72 547 125 570 mc
149 536 293 580 scripsit
319 535 398 570 Sex.
427 536 638 580 Pompeium
666 536 833 570 Corduba
859 537 971 571 exisse
995 540 1028 571 et
1051 536 1186 581 fuyisse
1210 538 1252 571 in
1278 537 1415 581 Hispa-

72 583 173 617 niam
198 583 405 626 citeriorem
432 582 494 617 Cn.
521 583 655 628 fuyissc
673 583 791 617 nescio
811 594 901 627 quo;
925 594 1036 627 neque
1055 584 1150 618 enim
1175 594 1270 619 curo.
1310 584 1417 618 Nihil

69 634 255 674 praeterea
280 630 374 664 novi
414 629 574 664 Litteras
599 630 772 664 Narbone
800 631 899 665 dedit
923 630 1028 665 XIV
1049 630 1136 665 Kal.
1165 631 1303 666 Maias

168 688 238 724 Cic.
260 689 309 723 ad
328 689 401 723 Att
424 688 521 731 XII,
540 691 598 729 41,
617 691 639 722 4
666 691 716 732 (a.
736 689 770 722 d.
798 689 857 722 VI
875 689 933 724 Id.
956 689 1081 733 Mai..)
1131 690 1254 726 Hirtii
1284 690 1416 735 epistu-

39 733 46 740 “
72 736 145 771 lam
175 737 208 771 si
239 736 381 781 leyeris,
412 747 503 780 quae
533 716 622 769 mil'zi
653 736 759 779 quasi
789 734 1010 780 πρόπλασμα
1041 738 1183 772 iidetur
1213 738 1290 772 eius
1323 738 1416 772 vitu-

69 784 282 828 pcrationis,
308 794 415 828 quam
443 783 576 817 Caesar
600 783 745 826 scripsit
771 783 812 817 de
840 783 985 826 Catone,
1010 785 1122 827 facies
1147 796 1210 829 me,
1237 785 1325 829 quid
1350 785 1417 820 tibi

71 831 187 865 iisum
212 831 270 874 sit,
295 831 328 865 si
352 830 420 866 tibi
444 830 511 865 erit
536 831 767 873 commodum,
793 831 984 866 certiorem.

353 954 430 989 AD
459 954 498 988 T.
526 953 864 989 POMPONIUM
886 955 1139 991 ATTICUM.

167 1024 238 1060 Cic.
266 1025 315 1059 ad
334 1025 409 1060 Att.
431 1025 534 1067 XII,
552 1027 617 1067 44,
637 1028 657 1059 1
686 1027 735 1068 (a.
762 1025 795 1059 d.
822 1025 897 1059 ΠΙ
915 1026 972 1061 Ia.
995 1027 1121 1070 Mat).
1172 1027 1224 1062 Et
1248 1027 1414 1062 Hirtium

69 1073 214 1116 aliquid
239 1073 288 1106 ad
313 1076 345 1107 te
370 1074 575 1117 συμπαθῶς
604 1073 647 1107 de
671 1083 725 1106 me
749 1073 932 1116 scripsisse
965 1074 1074 1117 facile
1100 1075 1227 1118 patior
1258 1096 1301 1100 —
1332 1075 1417 1118 fecit

70 1121 164 1154 enim
188 1120 344 1154 humane
370 1141 414 1144 —
440 1124 472 1154 et
498 1124 529 1154 te
560 1120 636 1154 eius
667 1120 859 1163 epistulam
890 1121 939 1155 ad
963 1133 1016 1156 me
1040 1132 1115 1156 non
1143 1122 1279 1157 misisse
1304 1123 1417 1157 multo

68 1167 240 1210 facilius,·
264 1171 305 1202 tu
330 1167 425 1201 enim
450 1167 557 1202 etiam
581 1167 788 1201 humanius.

347 1291 423 1326 AD
450 1291 506 1326 M.
538 1291 789 1326 TULLIUM
814 1291 1142 1327 CICERONEM.

166 1362 236 1398 Cic.
258 1363 307 1397 ad
326 1363 400 1398 Aa.
422 1363 541 1405 XIII,
561 1366 661 1405 21,1
691 1365 740 1406 (a.
762 1363 795 1397 d.
817 1363 882 1396 IV
898 1363 985 1397 Kal.
1007 1363 1131 1407 Sext).
1167 1364 1229 1398 Ad
1247 1364 1414 1399 Hirtium

69 1410 236 1445 dederam
261 1411 454 1454 epistulam
478 1421 565 1445 sane
590 1411 781 1456 grandem,
807 1421 921 1464 quam
946 1411 1159 1455 scripseram
1185 1412 1351 1456 proxime
1376 1412 1414 1446 in

72 1458 289 1493 Tusculano.
339 1458 453 1501 Huic,
478 1469 587 1502 quam
611 1461 652 1492 tu
676 1458 766 1492 mihi
790 1458 932 1501 misisti,
956 1458 1150 1493 rescribam
1175 1459 1279 1493 alias.

529 1582 563 1605 a.
582 1581 618 1604 u.
639 1581 666 1605 c.
693 1570 837 1605 DCCX
861 1573 952 1614 (44).
1428 1580 1452 1598 a.
1468 1580 1497 1598 u.
1512 1580 1537 1597 c.

345 1628 422 1663 AD
448 1629 504 1663 M.
534 1629 788 1664 TULLIUM
811 1629 1141 1684 CICERONEM.
1434 1608 1541 1676 ’ἷὲἑζΧ

166 1700 236 1735 Cic.
264 1700 314 1734 ad
337 1700 412 1735 Att.
440 1700 528 1743 XV,
555 1703 594 1743 5,
618 1702 643 1735 2
669 1702 791 1743 (mens.
815 1701 940 1744 Mai).
997 1701 1043 1735 Ut
1077 1705 1117 1735 tu
1151 1701 1193 1735 de
1224 1702 1414 1745 provincia

68 1747 183 1782 Bruti
213 1750 246 1782 et
272 1747 391 1782 Cassii
417 1759 484 1791 per
514 1748 879 1790 senatusconsultum,
910 1748 964 1782 ita
994 1748 1119 1783 scribit
1149 1752 1181 1783 et
1211 1748 1354 1783 Balbus
1385 1753 1417 1783 et

68 1795 220 1830 Hirtius
239 1795 262 1840 †
281 1795 424 1839 quidem
442 1806 477 1829 sc
496 1795 519 1840 †
539 1799 705 1829 acturum
728 1816 766 1820 —
783 1796 911 1830 etenim
929 1796 1004 1830 iam
1024 1797 1065 1829 in
1081 1796 1288 1830 Tusculano
1308 1800 1357 1830 est
1372 1817 1415 1821 —

68 1843 237 1887 miliique,
261 1846 302 1876 ut
327 1842 454 1884 absim,
478 1843 693 1877 vehementer
717 1847 843 1877 auctor
867 1847 929 1886 est,
954 1847 986 1878 et
1010 1843 1071 1877 ille
1096 1843 1238 1888 quidem
1258 1844 1417 1887 periculi

69 1901 193 1932 causa,
218 1889 313 1934 quod
336 1890 408 1924 sibi
432 1890 540 1924 etiam
563 1890 677 1932 fuisse
702 1890 799 1924 dicit.

165 1937 236 1971 Cic.
257 1937 306 1970 ad
325 1937 400 1971 Att.
422 1936 511 1979 XV,
531 1939 572 1979 6,
591 1939 626 1972 2
648 1939 670 1971 3
697 1937 800 1981 (Kal.
821 1938 935 1980 Iun)
986 1936 1129 1971 Hirtius
1155 1936 1323 1972 Ciceroni
1349 1949 1414 1973 suo

69 1984 136 2018 sal.
157 1984 304 2018 Rurene
324 1983 399 2017 iam
418 1983 603 2028 redierim,
618 1983 777 2028 quaeris.
809 1986 867 2018 An
881 1995 961 2029 ego,
976 1996 1089 2028 quum
1109 1995 1234 2019 omnes
1256 1985 1414 2029 caleant,

69 2031 255 2077 ignaviter
280 2030 423 2076 aliquid
449 2030 608 2066 faciam?
636 2031 751 2065 etiam
774 2042 817 2065 ex
836 2031 927 2066 urbe
954 2043 1034 2065 sum
1059 2032 1257 2077 profectus,
1284 2032 1414 2066 utilius

69 2078 168 2113 enim
203 2077 319 2113 statui
355 2078 500 2114 abesse:
536 2078 603 2112 has
638 2078 709 2113 tibi
745 2078 891 2113 litteras
929 2078 1053 2113 exiens
1090 2079 1130 2113 in
1164 2079 1415 2114 Tusculanum

69 2125 216 2171 scripsi3
241 2125 319 2160 noli
345 2127 470 2160 autem
494 2137 552 2160 me
578 2128 656 2160 tam
682 2128 873 2160 strenuum
896 2128 1041 2171 putare,
1067 2129 1109 2161 ut
1135 2127 1183 2160 ad
1202 2127 1328 2161 Nonas
1359 2138 1414 2161 re-

71 2184 232 2215 0111131ος
258 2172 354 2206 nihil
379 2172 477 2207 enim
502 2173 578 2207 iam
602 2173 710 2208 video
736 2185 826 2218 opus
853 2184 931 2208 esse
959 2176 1088 2208 nostra
1114 2185 1212 2217 eura,
1239 2173 1414 2218 quoniam

69 2219 258 2266 praesidia
284 2222 369 2254 sunt
394 2220 433 2254 in
457 2222 515 2255 tot
535 2232 650 2255 annos
674 2221 832 2266 provisa.
869 2221 1006 2255 Brutus
1027 2223 1064 2255 et
1084 2220 1231 2256 Cassius
1257 2221 1412 2265 utinam,

69 2279 184 2312 quam
208 2266 319 2301 facile
346 2278 367 2301 a
392 2269 429 2302 te
456 2268 500 2302 de
525 2279 584 2303 me
609 2268 808 2313 impetrare
832 2270 1004 2313 possunt,
1032 2268 1087 2303 ita
1111 2279 1176 2313 per
1200 2270 1237 2303 te
1265 2280 1413 2304 exoren-

0 2358 1 2364 ,
68 2316 146 2359 tm,
178 2325 225 2349 ne
257 2314 356 2367 quod
387 2315 545 2349 calidius
579 2315 708 2350 ineant
740 2315 952 2351 consilium!
987 2316 1159 2350 cedentes
1192 2315 1290 2350 enim
1320 2317 1413 2351 haee

70 2362 125 2397 ais
146 2361 335 2407 scripsisse
356 2383 399 2387 —
419 2374 491 2407 quo
519 2364 583 2397 aut
603 2368 741 2407 quare?
766 2363 896 2407 retine,
924 2363 1074 2398 obsecro
1094 2365 1143 2408 te,
1171 2363 1308 2408 Cicero,
1328 2363 1412 2398 illos

69 2412 107 2445 et
131 2409 208 2445 noli
234 2408 353 2443 sinere
382 2409 475 2444 11300
501 2409 625 2445 01111113
650 2410 786 2455 perire,
821 2421 916 2454 quae
941 2410 1110 2445 funditus
1135 2412 1273 2446 medius
1304 2411 1413 2445 fidius
