<?xml version="1.0" encoding="UTF-8"?>
<!DOCTYPE html PUBLIC "-//W3C//DTD XHTML 1.0 Transitional//EN"
    "http://www.w3.org/TR/xhtml1/DTD/xhtml1-transitional.dtd">
<html xmlns="http://www.w3.org/1999/xhtml" xml:lang="en" lang="en">
 <head>
  <title>
</title>
<meta http-equiv="Content-Type" content="text/html;charset=utf-8" />
  <meta name='ocr-system' content='tesseract 3.04.00' />
  <meta name='ocr-capabilities' content='ocr_page ocr_carea ocr_par ocr_line ocrx_word'/>
</head>
<body>
  <div class='ocr_page' id='page_1' title='image "./commentarii03caesuoft_0211.png"; bbox 0 0 1638 2600; ppageno 0'>
   <div class='ocr_carea' id='block_1_1' title="bbox 152 136 1401 177">
    <p class='ocr_par' dir='ltr' id='par_1_1' title="bbox 152 136 1401 177">
     <span class='ocr_line' id='line_1_1' title="bbox 152 136 1401 177; baseline -0.005 -1"><span class='ocrx_word' id='word_1_1' title='bbox 152 142 195 177; x_wconf 87' lang='grc' dir='ltr'><em>Π.</em></span> <span class='ocrx_word' id='word_1_2' title='bbox 227 141 291 175; x_wconf 88' lang='lat' dir='ltr'><em>DE</em></span> <span class='ocrx_word' id='word_1_3' title='bbox 316 138 564 175; x_wconf 90' lang='lat' dir='ltr'><strong>ANALOGIA</strong></span> <span class='ocrx_word' id='word_1_4' title='bbox 589 138 654 172; x_wconf 90' lang='lat' dir='ltr'><em>AD</em></span> <span class='ocrx_word' id='word_1_5' title='bbox 680 137 728 173; x_wconf 94' lang='lat' dir='ltr'><em>M.</em></span> <span class='ocrx_word' id='word_1_6' title='bbox 751 137 965 172; x_wconf 89' lang='lat' dir='ltr'><strong>TULLIUM</strong></span> <span class='ocrx_word' id='word_1_7' title='bbox 991 136 1278 173; x_wconf 89' lang='lat' dir='ltr'>CICERONEM.</span> <span class='ocrx_word' id='word_1_8' title='bbox 1321 137 1401 177; x_wconf 86' lang='lat'><em>141</em></span> 
     </span>
    </p>
   </div>
   <div class='ocr_carea' id='block_1_2' title="bbox 367 267 1100 309">
    <p class='ocr_par' dir='ltr' id='par_1_2' title="bbox 367 267 1100 309">
     <span class='ocr_line' id='line_1_2' title="bbox 367 267 1100 309; baseline -0.004 -5"><span class='ocrx_word' id='word_1_9' title='bbox 367 269 529 304; x_wconf 83' lang='lat' dir='ltr'><em>LIBRI</em></span> <span class='ocrx_word' id='word_1_10' title='bbox 551 268 720 309; x_wconf 86' lang='lat' dir='ltr'><em>PRIMI</em></span> <span class='ocrx_word' id='word_1_11' title='bbox 742 267 1100 303; x_wconf 84' lang='lat' dir='ltr'><strong><em>FRAGMENTA.</em></strong></span> 
     </span>
    </p>
   </div>
   <div class='ocr_carea' id='block_1_3' title="bbox 61 326 1416 2451">
    <p class='ocr_par' dir='ltr' id='par_1_3' title="bbox 61 326 1409 845">
     <span class='ocr_line' id='line_1_3' title="bbox 159 326 1408 372; baseline -0.003 -8"><span class='ocrx_word' id='word_1_12' title='bbox 159 330 268 364; x_wconf 80' lang='lat' dir='ltr'><em>Cicer.</em></span> <span class='ocrx_word' id='word_1_13' title='bbox 289 329 396 364; x_wconf 90' lang='lat' dir='ltr'><em>Brut</em></span> <span class='ocrx_word' id='word_1_14' title='bbox 419 331 478 371; x_wconf 82' lang='lat'><em>72,</em></span> <span class='ocrx_word' id='word_1_15' title='bbox 496 330 580 363; x_wconf 77' lang='grc'><strong>253.</strong></span> <span class='ocrx_word' id='word_1_16' title='bbox 627 326 699 372; x_wconf 75' lang='lat' dir='ltr'><em>Qui</em></span> <span class='ocrx_word' id='word_1_17' title='bbox 723 327 830 362; x_wconf 87' lang='lat' dir='ltr'><em>etiam</em></span> <span class='ocrx_word' id='word_1_18' title='bbox 855 327 896 360; x_wconf 89' lang='lat' dir='ltr'><em>in</em></span> <span class='ocrx_word' id='word_1_19' title='bbox 919 327 1089 361; x_wconf 63' lang='lat' dir='ltr'><em>mammis</em></span> <span class='ocrx_word' id='word_1_20' title='bbox 1111 326 1408 370; x_wconf 74' lang='lat' dir='ltr'><em>occupationibus</em></span> 
     </span>
     <span class='ocr_line' id='line_1_4' title="bbox 63 373 1408 428; baseline -0.004 -16"><span class='ocrx_word' id='word_1_21' title='bbox 63 388 143 412; x_wconf 85' lang='lat' dir='ltr'><em>cum</em></span> <span class='ocrx_word' id='word_1_22' title='bbox 167 377 216 411; x_wconf 85' lang='lat' dir='ltr'><em>ad</em></span> <span class='ocrx_word' id='word_1_23' title='bbox 240 380 272 411; x_wconf 83' lang='lat' dir='ltr'><em>te</em></span> <span class='ocrx_word' id='word_1_24' title='bbox 296 377 415 420; x_wconf 83' lang='lat' dir='ltr'><em>ipsum</em></span> <span class='ocrx_word' id='word_1_25' title='bbox 442 378 502 419; x_wconf 86' lang='lat' dir='ltr'><em>(sc.</em></span> <span class='ocrx_word' id='word_1_26' title='bbox 531 375 748 428; x_wconf 82' lang='lat' dir='ltr'><em>Ciceronem)</em></span> <span class='ocrx_word' id='word_1_27' title='bbox 777 402 782 408; x_wconf 91' lang='lat'><em>.</em></span> <span class='ocrx_word' id='word_1_28' title='bbox 868 374 911 408; x_wconf 90' lang='lat' dir='ltr'><em>de</em></span> <span class='ocrx_word' id='word_1_29' title='bbox 935 374 1076 408; x_wconf 86' lang='lat' dir='ltr'><em>ratione</em></span> <span class='ocrx_word' id='word_1_30' title='bbox 1102 374 1213 408; x_wconf 85' lang='lat' dir='ltr'><em>latine</em></span> <span class='ocrx_word' id='word_1_31' title='bbox 1239 373 1408 418; x_wconf 81' lang='lat' dir='ltr'><em>loquendi</em></span> 
     </span>
     <span class='ocr_line' id='line_1_5' title="bbox 65 419 1408 466; baseline -0.004 -7"><span class='ocrx_word' id='word_1_32' title='bbox 65 424 332 459; x_wconf 75' lang='lat' dir='ltr'><em>accuratissime</em></span> <span class='ocrx_word' id='word_1_33' title='bbox 356 423 540 466; x_wconf 74' lang='lat' dir='ltr'><em>scripserit</em></span> <span class='ocrx_word' id='word_1_34' title='bbox 560 422 748 466; x_wconf 86' lang='lat' dir='ltr'><em>primoque</em></span> <span class='ocrx_word' id='word_1_35' title='bbox 772 422 813 455; x_wconf 87' lang='lat' dir='ltr'><em>in</em></span> <span class='ocrx_word' id='word_1_36' title='bbox 839 421 931 455; x_wconf 81' lang='lat' dir='ltr'><em>libro</em></span> <span class='ocrx_word' id='word_1_37' title='bbox 955 421 1099 464; x_wconf 71' lang='lat' dir='ltr'><em>dia-erit</em></span> <span class='ocrx_word' id='word_1_38' title='bbox 1126 420 1320 455; x_wconf 86' lang='lat' dir='ltr'><em>verborum</em></span> <span class='ocrx_word' id='word_1_39' title='bbox 1345 419 1408 454; x_wconf 89' lang='lat' dir='ltr'><em>de-</em></span> 
     </span>
     <span class='ocr_line' id='line_1_6' title="bbox 64 467 1409 515; baseline -0.003 -10"><span class='ocrx_word' id='word_1_40' title='bbox 64 471 201 506; x_wconf 81' lang='lat' dir='ltr'><em>lectum</em></span> <span class='ocrx_word' id='word_1_41' title='bbox 227 469 408 515; x_wconf 82' lang='lat' dir='ltr'><em>originem</em></span> <span class='ocrx_word' id='word_1_42' title='bbox 436 480 514 504; x_wconf 82' lang='lat' dir='ltr'><em>esse</em></span> <span class='ocrx_word' id='word_1_43' title='bbox 541 468 795 513; x_wconf 72' lang='lat' dir='ltr'><em>eloquentiae,</em></span> <span class='ocrx_word' id='word_1_44' title='bbox 819 468 1070 512; x_wconf 82' lang='lat' dir='ltr'><em>tribueritqae,</em></span> <span class='ocrx_word' id='word_1_45' title='bbox 1095 468 1147 502; x_wconf 87' lang='lat' dir='ltr'><em>mi</em></span> <span class='ocrx_word' id='word_1_46' title='bbox 1172 468 1299 510; x_wconf 84' lang='lat' dir='ltr'><em>Brute,</em></span> <span class='ocrx_word' id='word_1_47' title='bbox 1323 467 1409 502; x_wconf 87' lang='lat' dir='ltr'><em>huic</em></span> 
     </span>
     <span class='ocr_line' id='line_1_7' title="bbox 63 515 1409 571; baseline -0.004 -18"><span class='ocrx_word' id='word_1_48' title='bbox 63 523 197 560; x_wconf 76' lang='lat' dir='ltr'><em>nostro,</em></span> <span class='ocrx_word' id='word_1_49' title='bbox 223 518 286 571; x_wconf 88' lang='lat' dir='ltr'><em>qui</em></span> <span class='ocrx_word' id='word_1_50' title='bbox 310 529 364 552; x_wconf 89' lang='lat' dir='ltr'><em>me</em></span> <span class='ocrx_word' id='word_1_51' title='bbox 383 518 425 552; x_wconf 90' lang='lat' dir='ltr'><em>de</em></span> <span class='ocrx_word' id='word_1_52' title='bbox 444 517 508 551; x_wconf 85' lang='lat' dir='ltr'><em>illo</em></span> <span class='ocrx_word' id='word_1_53' title='bbox 527 517 657 551; x_wconf 80' lang='lat' dir='ltr'><em>maluit</em></span> <span class='ocrx_word' id='word_1_54' title='bbox 676 527 784 560; x_wconf 89' lang='lat' dir='ltr'><em>quam</em></span> <span class='ocrx_word' id='word_1_55' title='bbox 802 526 837 550; x_wconf 89' lang='lat' dir='ltr'><em>se</em></span> <span class='ocrx_word' id='word_1_56' title='bbox 856 516 983 568; x_wconf 82' lang='lat' dir='ltr'><em>dicere,</em></span> <span class='ocrx_word' id='word_1_57' title='bbox 1007 515 1148 549; x_wconf 85' lang='lat' dir='ltr'><em>laudem</em></span> <span class='ocrx_word' id='word_1_58' title='bbox 1167 515 1409 566; x_wconf 55' lang='lat' dir='ltr'><em>sinyularemj</em></span> 
     </span>
     <span class='ocr_line' id='line_1_8' title="bbox 61 563 1407 609; baseline -0.004 -9"><span class='ocrx_word' id='word_1_59' title='bbox 61 577 149 600; x_wconf 84' lang='lat' dir='ltr'><em>nam</em></span> <span class='ocrx_word' id='word_1_60' title='bbox 173 565 317 609; x_wconf 73' lang='lat' dir='ltr'><em>scripsit</em></span> <span class='ocrx_word' id='word_1_61' title='bbox 342 565 398 599; x_wconf 89' lang='lat' dir='ltr'><em>his</em></span> <span class='ocrx_word' id='word_1_62' title='bbox 422 565 549 606; x_wconf 55' lang='lat' dir='ltr'><em>rabis,</em></span> <span class='ocrx_word' id='word_1_63' title='bbox 574 575 654 598; x_wconf 87' lang='lat' dir='ltr'><em>cum</em></span> <span class='ocrx_word' id='word_1_64' title='bbox 678 564 774 598; x_wconf 87' lang='lat' dir='ltr'><em>hunc</em></span> <span class='ocrx_word' id='word_1_65' title='bbox 797 563 940 597; x_wconf 84' lang='lat' dir='ltr'><em>nomine</em></span> <span class='ocrx_word' id='word_1_66' title='bbox 964 567 1050 597; x_wconf 85' lang='lat' dir='ltr'><em>esset</em></span> <span class='ocrx_word' id='word_1_67' title='bbox 1075 563 1243 605; x_wconf 79' lang='lat' dir='ltr'><em>adfatus:</em></span> <span class='ocrx_word' id='word_1_68' title='bbox 1286 563 1339 596; x_wconf 86' lang='lat' dir='ltr'><em>Ac</em></span> <span class='ocrx_word' id='word_1_69' title='bbox 1365 573 1407 605; x_wconf 80' lang='lat' dir='ltr'><em>sl,</em></span> 
     </span>
     <span class='ocr_line' id='line_1_9' title="bbox 64 608 1408 661; baseline -0.003 -15"><span class='ocrx_word' id='word_1_70' title='bbox 64 614 107 647; x_wconf 90' lang='lat' dir='ltr'><em>ut</em></span> <span class='ocrx_word' id='word_1_71' title='bbox 139 611 306 657; x_wconf 86' lang='lat' dir='ltr'><em>cogitata</em></span> <span class='ocrx_word' id='word_1_72' title='bbox 337 611 526 656; x_wconf 83' lang='lat' dir='ltr'><em>praeclare</em></span> <span class='ocrx_word' id='word_1_73' title='bbox 559 610 682 655; x_wconf 85' lang='lat' dir='ltr'><em>eloqui</em></span> <span class='ocrx_word' id='word_1_74' title='bbox 713 611 881 661; x_wconf 75' lang='lat' dir='ltr'><em>possent,</em></span> <span class='ocrx_word' id='word_1_75' title='bbox 914 608 1084 643; x_wconf 89' lang='lat' dir='ltr'><em>nonnulli</em></span> <span class='ocrx_word' id='word_1_76' title='bbox 1115 609 1239 643; x_wconf 85' lang='lat' dir='ltr'><em>studio</em></span> <span class='ocrx_word' id='word_1_77' title='bbox 1271 611 1309 643; x_wconf 87' lang='lat' dir='ltr'><em>et</em></span> <span class='ocrx_word' id='word_1_78' title='bbox 1339 620 1408 642; x_wconf 81' lang='lat' dir='ltr'><em>usu</em></span> 
     </span>
     <span class='ocr_line' id='line_1_10' title="bbox 67 655 1409 702; baseline -0.002 -9"><span class='ocrx_word' id='word_1_79' title='bbox 67 659 368 702; x_wconf 79' lang='lat' dir='ltr'><em>elaboraverunt⁷</em></span> <span class='ocrx_word' id='word_1_80' title='bbox 401 658 504 693; x_wconf 77' lang='lat' dir='ltr'><em>cuius</em></span> <span class='ocrx_word' id='word_1_81' title='bbox 537 660 573 692; x_wconf 85' lang='lat' dir='ltr'><em>te</em></span> <span class='ocrx_word' id='word_1_82' title='bbox 605 668 722 702; x_wconf 88' lang='lat' dir='ltr'><em>paene</em></span> <span class='ocrx_word' id='word_1_83' title='bbox 753 656 958 702; x_wconf 74' lang='lat' dir='ltr'><em>prinmpem</em></span> <span class='ocrx_word' id='word_1_84' title='bbox 989 655 1118 701; x_wconf 82' lang='lat' dir='ltr'><em>copiae</em></span> <span class='ocrx_word' id='word_1_85' title='bbox 1146 658 1258 700; x_wconf 89' lang='lat' dir='ltr'><em>atque</em></span> <span class='ocrx_word' id='word_1_86' title='bbox 1284 656 1409 690; x_wconf 90' lang='lat' dir='ltr'><em>inven-</em></span> 
     </span>
     <span class='ocr_line' id='line_1_11' title="bbox 66 688 1409 750; baseline -0.004 -9"><span class='ocrx_word' id='word_1_87' title='bbox 66 708 184 741; x_wconf 87' lang='lat' dir='ltr'><em>torem</em></span> <span class='ocrx_word' id='word_1_88' title='bbox 215 706 311 740; x_wconf 87' lang='lat' dir='ltr'><em>bene</em></span> <span class='ocrx_word' id='word_1_89' title='bbox 344 688 389 740; x_wconf 74' lang='lat' dir='ltr'><em>(le</em></span> <span class='ocrx_word' id='word_1_90' title='bbox 421 704 568 740; x_wconf 88' lang='lat' dir='ltr'><em>nomine</em></span> <span class='ocrx_word' id='word_1_91' title='bbox 601 716 644 739; x_wconf 83' lang='lat' dir='ltr'><em>ae</em></span> <span class='ocrx_word' id='word_1_92' title='bbox 676 703 861 750; x_wconf 75' lang='lat' dir='ltr'><em>dignitate</em></span> <span class='ocrx_word' id='word_1_93' title='bbox 892 715 965 748; x_wconf 88' lang='lat' dir='ltr'><em>pop</em></span> <span class='ocrx_word' id='word_1_94' title='bbox 942 703 1021 748; x_wconf 87' lang='lat' dir='ltr'><em>puli</em></span> <span class='ocrx_word' id='word_1_95' title='bbox 1050 703 1206 737; x_wconf 87' lang='lat' dir='ltr'><em>Romani</em></span> <span class='ocrx_word' id='word_1_96' title='bbox 1237 703 1409 737; x_wconf 85' lang='lat' dir='ltr'><em>meritum</em></span> 
     </span>
     <span class='ocr_line' id='line_1_12' title="bbox 67 750 1409 788; baseline -0.002 -1"><span class='ocrx_word' id='word_1_97' title='bbox 67 764 147 788; x_wconf 85' lang='lat' dir='ltr'><em>esse</em></span> <span class='ocrx_word' id='word_1_98' title='bbox 180 752 392 788; x_wconf 83' lang='lat' dir='ltr'><em>existimare</em></span> <span class='ocrx_word' id='word_1_99' title='bbox 425 753 618 787; x_wconf 82' lang='lat' dir='ltr'><em>debemus:</em></span> <span class='ocrx_word' id='word_1_100' title='bbox 651 752 748 786; x_wconf 82' lang='lat' dir='ltr'><em>hunc</em></span> <span class='ocrx_word' id='word_1_101' title='bbox 773 750 922 785; x_wconf 80' lang='lat' dir='ltr'><em>facilem</em></span> <span class='ocrx_word' id='word_1_102' title='bbox 947 753 986 785; x_wconf 87' lang='lat' dir='ltr'><em>et</em></span> <span class='ocrx_word' id='word_1_103' title='bbox 1011 750 1240 785; x_wconf 86' lang='lat' dir='ltr'><em>cotidianum</em></span> <span class='ocrx_word' id='word_1_104' title='bbox 1265 750 1409 785; x_wconf 74' lang='lat' dir='ltr'><em>novisse</em></span> 
     </span>
     <span class='ocr_line' id='line_1_13' title="bbox 66 798 972 845; baseline -0.002 -10"><span class='ocrx_word' id='word_1_105' title='bbox 66 811 271 835; x_wconf 85' lang='lat' dir='ltr'><em>sermonem</em></span> <span class='ocrx_word' id='word_1_106' title='bbox 296 812 394 835; x_wconf 87' lang='lat' dir='ltr'><em>nunc</em></span> <span class='ocrx_word' id='word_1_107' title='bbox 420 811 485 845; x_wconf 89' lang='lat' dir='ltr'><em>pro</em></span> <span class='ocrx_word' id='word_1_108' title='bbox 512 799 640 834; x_wconf 81' lang='lat' dir='ltr'><em>relicto</em></span> <span class='ocrx_word' id='word_1_109' title='bbox 666 801 724 834; x_wconf 84' lang='lat' dir='ltr'><em>est</em></span> <span class='ocrx_word' id='word_1_110' title='bbox 748 798 972 833; x_wconf 88' lang='lat' dir='ltr'><em>habendum.</em></span> 
     </span>
    </p>

    <p class='ocr_par' dir='ltr' id='par_1_4' title="bbox 61 845 1414 1637">
     <span class='ocr_line' id='line_1_14' title="bbox 161 845 1410 891; baseline -0.003 -8"><span class='ocrx_word' id='word_1_111' title='bbox 161 848 252 883; x_wconf 80' lang='lat' dir='ltr'><em>Gezl.</em></span> <span class='ocrx_word' id='word_1_112' title='bbox 279 848 385 883; x_wconf 83' lang='lat' dir='ltr'><em>Noet.</em></span> <span class='ocrx_word' id='word_1_113' title='bbox 412 848 487 882; x_wconf 77' lang='lat' dir='ltr'><em>Aa.</em></span> <span class='ocrx_word' id='word_1_114' title='bbox 514 848 547 891; x_wconf 80' lang='lat' dir='ltr'><em>I,</em></span> <span class='ocrx_word' id='word_1_115' title='bbox 574 850 632 889; x_wconf 85' lang='lat'><em>10,</em></span> <span class='ocrx_word' id='word_1_116' title='bbox 657 850 689 881; x_wconf 81' lang='lat'><em>4.</em></span> <span class='ocrx_word' id='word_1_117' title='bbox 740 846 799 889; x_wconf 91' lang='lat' dir='ltr'><em>Id,</em></span> <span class='ocrx_word' id='word_1_118' title='bbox 825 846 919 890; x_wconf 84' lang='lat' dir='ltr'><em>quod</em></span> <span class='ocrx_word' id='word_1_119' title='bbox 944 858 967 880; x_wconf 92' lang='lat' dir='ltr'><em>a</em></span> <span class='ocrx_word' id='word_1_120' title='bbox 993 845 1030 880; x_wconf 79' lang='lat' dir='ltr'><em>G.</em></span> <span class='ocrx_word' id='word_1_121' title='bbox 1054 845 1217 887; x_wconf 88' lang='lat' dir='ltr'><em>Caesare,</em></span> <span class='ocrx_word' id='word_1_122' title='bbox 1241 845 1410 880; x_wconf 73' lang='lat' dir='ltr'><em>eoecellen-</em></span> 
     </span>
     <span class='ocr_line' id='line_1_15' title="bbox 62 892 1410 941; baseline -0.003 -11"><span class='ocrx_word' id='word_1_123' title='bbox 62 895 109 930; x_wconf 78' lang='lat' dir='ltr'><em>tis</em></span> <span class='ocrx_word' id='word_1_124' title='bbox 145 896 286 941; x_wconf 71' lang='lat' dir='ltr'><em>inqenii</em></span> <span class='ocrx_word' id='word_1_125' title='bbox 323 906 366 930; x_wconf 89' lang='lat' dir='ltr'><em>ac</em></span> <span class='ocrx_word' id='word_1_126' title='bbox 401 895 620 939; x_wconf 73' lang='lat' dir='ltr'><em>prudentiae</em></span> <span class='ocrx_word' id='word_1_127' title='bbox 657 894 753 936; x_wconf 83' lang='lat' dir='ltr'><em>viro,</em></span> <span class='ocrx_word' id='word_1_128' title='bbox 795 894 837 927; x_wconf 83' lang='lat' dir='ltr'><em>in</em></span> <span class='ocrx_word' id='word_1_129' title='bbox 869 893 989 937; x_wconf 91' lang='lat' dir='ltr'><em>primo</em></span> <span class='ocrx_word' id='word_1_130' title='bbox 1026 893 1069 927; x_wconf 87' lang='lat' dir='ltr'><em>de</em></span> <span class='ocrx_word' id='word_1_131' title='bbox 1107 893 1281 938; x_wconf 76' lang='lat' dir='ltr'><em>analoqia</em></span> <span class='ocrx_word' id='word_1_132' title='bbox 1319 892 1410 926; x_wconf 85' lang='lat' dir='ltr'><em>libro</em></span> 
     </span>
     <span class='ocr_line' id='line_1_16' title="bbox 61 941 1409 986; baseline -0.003 -9"><span class='ocrx_word' id='word_1_133' title='bbox 61 943 236 986; x_wconf 82' lang='lat' dir='ltr'><em>scriptum</em></span> <span class='ocrx_word' id='word_1_134' title='bbox 260 946 328 984; x_wconf 88' lang='lat' dir='ltr'><em>est,</em></span> <span class='ocrx_word' id='word_1_135' title='bbox 358 943 447 977; x_wconf 89' lang='lat' dir='ltr'><em>habe</em></span> <span class='ocrx_word' id='word_1_136' title='bbox 471 953 605 986; x_wconf 87' lang='lat' dir='ltr'><em>semper</em></span> <span class='ocrx_word' id='word_1_137' title='bbox 629 942 671 975; x_wconf 88' lang='lat' dir='ltr'><em>in</em></span> <span class='ocrx_word' id='word_1_138' title='bbox 694 941 865 975; x_wconf 88' lang='lat' dir='ltr'><em>memoria</em></span> <span class='ocrx_word' id='word_1_139' title='bbox 891 945 996 985; x_wconf 88' lang='lat' dir='ltr'><em>atque</em></span> <span class='ocrx_word' id='word_1_140' title='bbox 1020 941 1061 974; x_wconf 88' lang='lat' dir='ltr'><em>in</em></span> <span class='ocrx_word' id='word_1_141' title='bbox 1084 944 1236 984; x_wconf 75' lang='lat' dir='ltr'><em>pectore,</em></span> <span class='ocrx_word' id='word_1_142' title='bbox 1261 943 1302 974; x_wconf 88' lang='lat' dir='ltr'><em>ut</em></span> <span class='ocrx_word' id='word_1_143' title='bbox 1326 941 1409 973; x_wconf 88' lang='lat' dir='ltr'><em>tan-</em></span> 
     </span>
     <span class='ocr_line' id='line_1_17' title="bbox 62 986 1409 1034; baseline -0.002 -11"><span class='ocrx_word' id='word_1_144' title='bbox 62 1000 174 1033; x_wconf 83' lang='lat' dir='ltr'><em>quam</em></span> <span class='ocrx_word' id='word_1_145' title='bbox 212 989 414 1034; x_wconf 80' lang='lat' dir='ltr'><em>soopuhnn,</em></span> <span class='ocrx_word' id='word_1_146' title='bbox 444 988 496 1023; x_wconf 84' lang='lat' dir='ltr'><em>sic</em></span> <span class='ocrx_word' id='word_1_147' title='bbox 523 988 646 1033; x_wconf 84' lang='lat' dir='ltr'><em>fugias</em></span> <span class='ocrx_word' id='word_1_148' title='bbox 674 987 885 1022; x_wconf 87' lang='lat' dir='ltr'><em>inauditum</em></span> <span class='ocrx_word' id='word_1_149' title='bbox 916 989 1028 1031; x_wconf 85' lang='lat' dir='ltr'><em>atque</em></span> <span class='ocrx_word' id='word_1_150' title='bbox 1056 987 1217 1021; x_wconf 84' lang='lat' dir='ltr'><em>insolens</em></span> <span class='ocrx_word' id='word_1_151' title='bbox 1247 986 1409 1021; x_wconf 88' lang='lat' dir='ltr'><em>verbum.</em></span> 
     </span>
     <span class='ocr_line' id='line_1_18' title="bbox 63 1034 1410 1088; baseline -0.002 -17"><span class='ocrx_word' id='word_1_152' title='bbox 63 1057 107 1061; x_wconf 88' lang='lat'>—</span> <span class='ocrx_word' id='word_1_153' title='bbox 141 1037 306 1071; x_wconf 34' lang='lat' dir='ltr'><em>Macrffob</em></span> <span class='ocrx_word' id='word_1_154' title='bbox 334 1036 408 1071; x_wconf 85' lang='lat' dir='ltr'><em>Sat</em></span> <span class='ocrx_word' id='word_1_155' title='bbox 436 1037 468 1080; x_wconf 93' lang='grc' dir='ltr'><em>Ι</em></span> <span class='ocrx_word' id='word_1_156' title='bbox 495 1039 529 1078; x_wconf 90' lang='grc'><em>5,</em></span> <span class='ocrx_word' id='word_1_157' title='bbox 582 1065 588 1070; x_wconf 91' lang='grc'>.</span> <span class='ocrx_word' id='word_1_158' title='bbox 640 1036 721 1081; x_wconf 73' lang='lat' dir='ltr'><em>Eyo</em></span> <span class='ocrx_word' id='word_1_159' title='bbox 746 1036 841 1070; x_wconf 86' lang='lat' dir='ltr'><em>enim</em></span> <span class='ocrx_word' id='word_1_160' title='bbox 866 1035 905 1069; x_wconf 86' lang='lat' dir='ltr'><em>id</em></span> <span class='ocrx_word' id='word_1_161' title='bbox 931 1035 1026 1088; x_wconf 78' lang='lat' dir='ltr'><em>quod</em></span> <span class='ocrx_word' id='word_1_162' title='bbox 1051 1046 1075 1069; x_wconf 89' lang='lat' dir='ltr'><em>a</em></span> <span class='ocrx_word' id='word_1_163' title='bbox 1101 1036 1137 1069; x_wconf 86' lang='lat' dir='ltr'><em>C.</em></span> <span class='ocrx_word' id='word_1_164' title='bbox 1164 1034 1327 1076; x_wconf 82' lang='lat' dir='ltr'><em>Caesare,</em></span> <span class='ocrx_word' id='word_1_165' title='bbox 1352 1045 1410 1068; x_wconf 68' lang='grc' dir='ltr'><em>εω-</em></span> 
     </span>
     <span class='ocr_line' id='line_1_19' title="bbox 61 1081 1412 1129; baseline -0.003 -10"><span class='ocrx_word' id='word_1_166' title='bbox 61 1084 220 1119; x_wconf 83' lang='lat' dir='ltr'><em>cellentis</em></span> <span class='ocrx_word' id='word_1_167' title='bbox 250 1084 391 1129; x_wconf 76' lang='lat' dir='ltr'><em>inqenii</em></span> <span class='ocrx_word' id='word_1_168' title='bbox 421 1095 464 1118; x_wconf 92' lang='lat' dir='ltr'><em>ac</em></span> <span class='ocrx_word' id='word_1_169' title='bbox 490 1084 709 1127; x_wconf 65' lang='lat' dir='ltr'><em>prudentiae</em></span> <span class='ocrx_word' id='word_1_170' title='bbox 740 1083 836 1124; x_wconf 70' lang='lat' dir='ltr'><em>viro,</em></span> <span class='ocrx_word' id='word_1_171' title='bbox 873 1083 914 1116; x_wconf 86' lang='lat' dir='ltr'><em>in</em></span> <span class='ocrx_word' id='word_1_172' title='bbox 945 1083 1066 1126; x_wconf 88' lang='lat' dir='ltr'><em>primo</em></span> <span class='ocrx_word' id='word_1_173' title='bbox 1097 1082 1289 1127; x_wconf 64' lang='lat' dir='ltr'><em>analogiae</em></span> <span class='ocrx_word' id='word_1_174' title='bbox 1321 1081 1412 1115; x_wconf 85' lang='lat' dir='ltr'><em>libro</em></span> 
     </span>
     <span class='ocr_line' id='line_1_20' title="bbox 65 1130 1412 1175; baseline -0.002 -9"><span class='ocrx_word' id='word_1_175' title='bbox 65 1132 237 1175; x_wconf 82' lang='lat' dir='ltr'><em>scriptum</em></span> <span class='ocrx_word' id='word_1_176' title='bbox 264 1135 314 1165; x_wconf 89' lang='lat' dir='ltr'><em>est</em></span> <span class='ocrx_word' id='word_1_177' title='bbox 337 1131 447 1166; x_wconf 89' lang='lat' dir='ltr'><em>habeo</em></span> <span class='ocrx_word' id='word_1_178' title='bbox 472 1142 607 1174; x_wconf 83' lang='lat' dir='ltr'><em>semper</em></span> <span class='ocrx_word' id='word_1_179' title='bbox 630 1131 672 1164; x_wconf 91' lang='lat' dir='ltr'><em>in</em></span> <span class='ocrx_word' id='word_1_180' title='bbox 696 1130 867 1164; x_wconf 82' lang='lat' dir='ltr'><em>memoria</em></span> <span class='ocrx_word' id='word_1_181' title='bbox 893 1134 999 1173; x_wconf 91' lang='lat' dir='ltr'><em>atque</em></span> <span class='ocrx_word' id='word_1_182' title='bbox 1023 1130 1064 1163; x_wconf 89' lang='lat' dir='ltr'><em>in</em></span> <span class='ocrx_word' id='word_1_183' title='bbox 1088 1133 1239 1174; x_wconf 88' lang='lat' dir='ltr'><em>pectore,</em></span> <span class='ocrx_word' id='word_1_184' title='bbox 1266 1133 1305 1163; x_wconf 90' lang='lat' dir='ltr'><em>ut</em></span> <span class='ocrx_word' id='word_1_185' title='bbox 1329 1130 1412 1162; x_wconf 76' lang='lat' dir='ltr'><em>tan-</em></span> 
     </span>
     <span class='ocr_line' id='line_1_21' title="bbox 65 1175 1410 1222; baseline -0.002 -10"><span class='ocrx_word' id='word_1_186' title='bbox 65 1189 178 1222; x_wconf 83' lang='lat' dir='ltr'><em>quam</em></span> <span class='ocrx_word' id='word_1_187' title='bbox 204 1177 407 1222; x_wconf 74' lang='lat' dir='ltr'><em>scopulum⁷</em></span> <span class='ocrx_word' id='word_1_188' title='bbox 435 1177 487 1211; x_wconf 86' lang='lat' dir='ltr'><em>sic</em></span> <span class='ocrx_word' id='word_1_189' title='bbox 513 1177 657 1222; x_wconf 83' lang='lat' dir='ltr'><em>fugiam</em></span> <span class='ocrx_word' id='word_1_190' title='bbox 681 1176 894 1221; x_wconf 82' lang='lat' dir='ltr'><em>infrequens</em></span> <span class='ocrx_word' id='word_1_191' title='bbox 921 1178 1032 1220; x_wconf 89' lang='lat' dir='ltr'><em>atque</em></span> <span class='ocrx_word' id='word_1_192' title='bbox 1060 1175 1221 1210; x_wconf 80' lang='lat' dir='ltr'><em>insolens</em></span> <span class='ocrx_word' id='word_1_193' title='bbox 1248 1175 1410 1210; x_wconf 83' lang='lat' dir='ltr'><em>verbum.</em></span> 
     </span>
     <span class='ocr_line' id='line_1_22' title="bbox 65 1223 1413 1268; baseline -0.002 -8"><span class='ocrx_word' id='word_1_194' title='bbox 65 1246 109 1250; x_wconf 92' lang='lat'><em>—-</em></span> <span class='ocrx_word' id='word_1_195' title='bbox 134 1225 216 1260; x_wconf 90' lang='lat' dir='ltr'><em>Joh.</em></span> <span class='ocrx_word' id='word_1_196' title='bbox 238 1225 309 1260; x_wconf 89' lang='lat' dir='ltr'><em>Sar</em></span> <span class='ocrx_word' id='word_1_197' title='bbox 310 1225 378 1259; x_wconf 87' lang='lat' dir='ltr'><em>esb.</em></span> <span class='ocrx_word' id='word_1_198' title='bbox 399 1225 533 1259; x_wconf 80' lang='lat' dir='ltr'><em>Polior.</em></span> <span class='ocrx_word' id='word_1_199' title='bbox 555 1227 673 1266; x_wconf 88' lang='grc'><em>8,10</em></span> <span class='ocrx_word' id='word_1_200' title='bbox 725 1224 905 1258; x_wconf 82' lang='lat' dir='ltr'><em>Fideliter</em></span> <span class='ocrx_word' id='word_1_201' title='bbox 929 1224 1189 1268; x_wconf 69' lang='lat' dir='ltr'><em>exsequendum</em></span> <span class='ocrx_word' id='word_1_202' title='bbox 1214 1224 1292 1266; x_wconf 87' lang='lat' dir='ltr'><em>erit,</em></span> <span class='ocrx_word' id='word_1_203' title='bbox 1318 1223 1413 1267; x_wconf 88' lang='lat' dir='ltr'><em>quod</em></span> 
     </span>
     <span class='ocr_line' id='line_1_23' title="bbox 63 1271 1411 1316; baseline -0.001 -10"><span class='ocrx_word' id='word_1_204' title='bbox 63 1273 106 1306; x_wconf 79' lang='lat' dir='ltr'><em>in</em></span> <span class='ocrx_word' id='word_1_205' title='bbox 126 1273 247 1316; x_wconf 80' lang='lat' dir='ltr'><em>primo</em></span> <span class='ocrx_word' id='word_1_206' title='bbox 273 1273 364 1306; x_wconf 83' lang='lat' dir='ltr'><em>libro</em></span> <span class='ocrx_word' id='word_1_207' title='bbox 388 1272 431 1306; x_wconf 89' lang='lat' dir='ltr'><em>de</em></span> <span class='ocrx_word' id='word_1_208' title='bbox 456 1272 630 1316; x_wconf 72' lang='lat' dir='ltr'><em>analoqia</em></span> <span class='ocrx_word' id='word_1_209' title='bbox 655 1272 800 1315; x_wconf 82' lang='lat' dir='ltr'><em>scripsit</em></span> <span class='ocrx_word' id='word_1_210' title='bbox 827 1271 863 1305; x_wconf 90' lang='lat' dir='ltr'><em>C.</em></span> <span class='ocrx_word' id='word_1_211' title='bbox 893 1271 1070 1306; x_wconf 83' lang='lat' dir='ltr'><em>Claudius</em></span> <span class='ocrx_word' id='word_1_212' title='bbox 1098 1272 1241 1313; x_wconf 82' lang='lat' dir='ltr'><em>Caesar,</em></span> <span class='ocrx_word' id='word_1_213' title='bbox 1272 1271 1328 1305; x_wconf 74' lang='lat' dir='ltr'><em>vir</em></span> <span class='ocrx_word' id='word_1_214' title='bbox 1353 1282 1411 1305; x_wconf 72' lang='lat' dir='ltr'><em>eoc-</em></span> 
     </span>
     <span class='ocr_line' id='line_1_24' title="bbox 62 1318 1414 1364; baseline -0.001 -10"><span class='ocrx_word' id='word_1_215' title='bbox 62 1320 221 1354; x_wconf 87' lang='lat' dir='ltr'><em>cellentis</em></span> <span class='ocrx_word' id='word_1_216' title='bbox 253 1319 394 1364; x_wconf 72' lang='lat' dir='ltr'><em>inqenii</em></span> <span class='ocrx_word' id='word_1_217' title='bbox 424 1329 644 1364; x_wconf 72' lang='lat' dir='ltr'><em>maqnaeque</em></span> <span class='ocrx_word' id='word_1_218' title='bbox 673 1319 900 1363; x_wconf 70' lang='lat' dir='ltr'><em>prudentiae.</em></span> <span class='ocrx_word' id='word_1_219' title='bbox 951 1319 1017 1353; x_wconf 88' lang='lat' dir='ltr'><em>Ait</em></span> <span class='ocrx_word' id='word_1_220' title='bbox 1044 1319 1157 1353; x_wconf 87' lang='lat' dir='ltr'><em>enim:</em></span> <span class='ocrx_word' id='word_1_221' title='bbox 1194 1318 1414 1362; x_wconf 77' lang='lat' dir='ltr'><em>„Tanquam</em></span> 
     </span>
     <span class='ocr_line' id='line_1_25' title="bbox 64 1366 1414 1411; baseline -0.001 -10"><span class='ocrx_word' id='word_1_222' title='bbox 64 1367 249 1411; x_wconf 85' lang='lat' dir='ltr'><em>scopulum</em></span> <span class='ocrx_word' id='word_1_223' title='bbox 280 1370 416 1400; x_wconf 87' lang='lat' dir='ltr'><em>nautae</em></span> <span class='ocrx_word' id='word_1_224' title='bbox 446 1366 614 1411; x_wconf 72' lang='lat' dir='ltr'><em>fuyiunt,</em></span> <span class='ocrx_word' id='word_1_225' title='bbox 651 1366 702 1400; x_wconf 84' lang='lat' dir='ltr'><em>sie</em></span> <span class='ocrx_word' id='word_1_226' title='bbox 739 1366 955 1410; x_wconf 72' lang='lat' dir='ltr'><em>fuyiendum</em></span> <span class='ocrx_word' id='word_1_227' title='bbox 988 1369 1038 1400; x_wconf 86' lang='lat' dir='ltr'><em>est</em></span> <span class='ocrx_word' id='word_1_228' title='bbox 1067 1366 1277 1410; x_wconf 77' lang='lat' dir='ltr'><em>infrequens</em></span> <span class='ocrx_word' id='word_1_229' title='bbox 1308 1369 1414 1409; x_wconf 87' lang='lat' dir='ltr'><em>atque</em></span> 
     </span>
     <span class='ocr_line' id='line_1_26' title="bbox 63 1412 1414 1458; baseline -0.001 -10"><span class='ocrx_word' id='word_1_230' title='bbox 63 1414 220 1449; x_wconf 84' lang='lat' dir='ltr'><em>insolens</em></span> <span class='ocrx_word' id='word_1_231' title='bbox 245 1413 425 1448; x_wconf 76' lang='lat' dir='ltr'><em>verbum.“</em></span> <span class='ocrx_word' id='word_1_232' title='bbox 457 1434 503 1438; x_wconf 89' lang='lat'>—</span> <span class='ocrx_word' id='word_1_233' title='bbox 534 1413 635 1447; x_wconf 82' lang='lat' dir='ltr'><em>Idem</em></span> <span class='ocrx_word' id='word_1_234' title='bbox 661 1413 834 1458; x_wconf 71' lang='lat' dir='ltr'><em>Metaloq.</em></span> <span class='ocrx_word' id='word_1_235' title='bbox 862 1416 895 1455; x_wconf 85' lang='lat'><em>1,</em></span> <span class='ocrx_word' id='word_1_236' title='bbox 922 1416 977 1447; x_wconf 88' lang='lat'><em>15.</em></span> <span class='ocrx_word' id='word_1_237' title='bbox 1030 1412 1164 1447; x_wconf 82' lang='lat' dir='ltr'><em>Caesar</em></span> <span class='ocrx_word' id='word_1_238' title='bbox 1188 1413 1230 1446; x_wconf 91' lang='lat' dir='ltr'><em>in</em></span> <span class='ocrx_word' id='word_1_239' title='bbox 1255 1412 1346 1446; x_wconf 82' lang='lat' dir='ltr'><em>libro</em></span> <span class='ocrx_word' id='word_1_240' title='bbox 1371 1412 1414 1446; x_wconf 88' lang='lat' dir='ltr'><em>de</em></span> 
     </span>
     <span class='ocr_line' id='line_1_27' title="bbox 67 1459 1414 1506; baseline -0.001 -11"><span class='ocrx_word' id='word_1_241' title='bbox 67 1461 241 1506; x_wconf 70' lang='lat' dir='ltr'><em>analoqia</em></span> <span class='ocrx_word' id='word_1_242' title='bbox 272 1461 530 1506; x_wconf 74' lang='lat' dir='ltr'><em>yrammaticus</em></span> <span class='ocrx_word' id='word_1_243' title='bbox 561 1460 704 1504; x_wconf 88' lang='lat' dir='ltr'><em>quidem</em></span> <span class='ocrx_word' id='word_1_244' title='bbox 729 1464 794 1503; x_wconf 86' lang='lat' dir='ltr'><em>est,</em></span> <span class='ocrx_word' id='word_1_245' title='bbox 826 1463 859 1494; x_wconf 86' lang='lat' dir='ltr'><em>et</em></span> <span class='ocrx_word' id='word_1_246' title='bbox 882 1460 1091 1495; x_wconf 80' lang='lat' dir='ltr'><em>evitandum</em></span> <span class='ocrx_word' id='word_1_247' title='bbox 1115 1471 1185 1494; x_wconf 85' lang='lat' dir='ltr'><em>esse</em></span> <span class='ocrx_word' id='word_1_248' title='bbox 1211 1459 1414 1502; x_wconf 82' lang='lat' dir='ltr'><em>denuntiat,</em></span> 
     </span>
     <span class='ocr_line' id='line_1_28' title="bbox 67 1507 1414 1553; baseline -0.001 -10"><span class='ocrx_word' id='word_1_249' title='bbox 67 1508 247 1553; x_wconf 85' lang='lat' dir='ltr'><em>quidquid</em></span> <span class='ocrx_word' id='word_1_250' title='bbox 272 1508 435 1543; x_wconf 83' lang='lat' dir='ltr'><em>auditori</em></span> <span class='ocrx_word' id='word_1_251' title='bbox 454 1508 572 1552; x_wconf 86' lang='lat' dir='ltr'><em>perito</em></span> <span class='ocrx_word' id='word_1_252' title='bbox 592 1511 709 1552; x_wconf 88' lang='lat' dir='ltr'><em>potest</em></span> <span class='ocrx_word' id='word_1_253' title='bbox 732 1518 803 1542; x_wconf 87' lang='lat' dir='ltr'><em>esse</em></span> <span class='ocrx_word' id='word_1_254' title='bbox 828 1507 1044 1542; x_wconf 87' lang='lat' dir='ltr'><em>absurdum:</em></span> <span class='ocrx_word' id='word_1_255' title='bbox 1080 1507 1157 1550; x_wconf 88' lang='lat' dir='ltr'><em>„Ut</em></span> <span class='ocrx_word' id='word_1_256' title='bbox 1180 1511 1332 1549; x_wconf 89' lang='lat' dir='ltr'><em>nautae,</em></span> <span class='ocrx_word' id='word_1_257' title='bbox 1358 1507 1414 1541; x_wconf 83' lang='lat' dir='ltr'><em>in-</em></span> 
     </span>
     <span class='ocr_line' id='line_1_29' title="bbox 64 1555 1413 1600; baseline -0.001 -10"><span class='ocrx_word' id='word_1_258' title='bbox 64 1556 154 1600; x_wconf 88' lang='lat' dir='ltr'><em>quit,</em></span> <span class='ocrx_word' id='word_1_259' title='bbox 179 1556 365 1600; x_wconf 87' lang='lat' dir='ltr'><em>scopulum</em></span> <span class='ocrx_word' id='word_1_260' title='bbox 390 1556 552 1600; x_wconf 78' lang='lat' dir='ltr'><em>fuyiunt,</em></span> <span class='ocrx_word' id='word_1_261' title='bbox 577 1555 628 1590; x_wconf 84' lang='lat' dir='ltr'><em>sic</em></span> <span class='ocrx_word' id='word_1_262' title='bbox 652 1555 867 1600; x_wconf 60' lang='lat' dir='ltr'><em>fugiendum</em></span> <span class='ocrx_word' id='word_1_263' title='bbox 892 1559 941 1590; x_wconf 86' lang='lat' dir='ltr'><em>est</em></span> <span class='ocrx_word' id='word_1_264' title='bbox 965 1555 1174 1599; x_wconf 73' lang='lat' dir='ltr'><em>infrequens</em></span> <span class='ocrx_word' id='word_1_265' title='bbox 1193 1559 1298 1598; x_wconf 86' lang='lat' dir='ltr'><em>atque</em></span> <span class='ocrx_word' id='word_1_266' title='bbox 1317 1555 1413 1588; x_wconf 84' lang='lat' dir='ltr'><em>inso-</em></span> 
     </span>
     <span class='ocr_line' id='line_1_30' title="bbox 63 1603 341 1637; baseline 0 0"><span class='ocrx_word' id='word_1_267' title='bbox 63 1603 137 1637; x_wconf 88' lang='lat' dir='ltr'><em>lens</em></span> <span class='ocrx_word' id='word_1_268' title='bbox 161 1603 341 1637; x_wconf 78' lang='lat' dir='ltr'><em>verbum.“</em></span> 
     </span>
    </p>

    <p class='ocr_par' dir='ltr' id='par_1_5' title="bbox 63 1649 1415 2354">
     <span class='ocr_line' id='line_1_31' title="bbox 159 1649 1411 1692; baseline -0.002 -7"><span class='ocrx_word' id='word_1_269' title='bbox 159 1650 248 1685; x_wconf 79' lang='lat' dir='ltr'><em>Gell.</em></span> <span class='ocrx_word' id='word_1_270' title='bbox 275 1649 380 1684; x_wconf 84' lang='lat' dir='ltr'><em>Noct.</em></span> <span class='ocrx_word' id='word_1_271' title='bbox 408 1650 482 1684; x_wconf 91' lang='lat' dir='ltr'><em>Att.</em></span> <span class='ocrx_word' id='word_1_272' title='bbox 510 1649 625 1691; x_wconf 88' lang='lat' dir='ltr'><em>XIX,</em></span> <span class='ocrx_word' id='word_1_273' title='bbox 651 1652 687 1691; x_wconf 84' lang='grc'><em>8,</em></span> <span class='ocrx_word' id='word_1_274' title='bbox 712 1652 744 1683; x_wconf 86' lang='grc'><strong>3.</strong></span> <span class='ocrx_word' id='word_1_275' title='bbox 797 1649 916 1685; x_wconf 81' lang='lat' dir='ltr'><em>Gaius</em></span> <span class='ocrx_word' id='word_1_276' title='bbox 949 1650 1082 1683; x_wconf 80' lang='lat' dir='ltr'><em>Caesar</em></span> <span class='ocrx_word' id='word_1_277' title='bbox 1106 1675 1117 1684; x_wconf 89' lang='lat'><em>.</em></span> <span class='ocrx_word' id='word_1_278' title='bbox 1178 1676 1185 1683; x_wconf 95' lang='lat'><em>.</em></span> <span class='ocrx_word' id='word_1_279' title='bbox 1219 1649 1261 1683; x_wconf 90' lang='lat' dir='ltr'><em>in</em></span> <span class='ocrx_word' id='word_1_280' title='bbox 1294 1649 1411 1692; x_wconf 78' lang='lat' dir='ltr'><em>libris,</em></span> 
     </span>
     <span class='ocr_line' id='line_1_32' title="bbox 64 1696 1415 1742; baseline -0.001 -11"><span class='ocrx_word' id='word_1_281' title='bbox 64 1708 152 1741; x_wconf 88' lang='lat' dir='ltr'><em>quos</em></span> <span class='ocrx_word' id='word_1_282' title='bbox 185 1698 234 1732; x_wconf 88' lang='lat' dir='ltr'><em>ad</em></span> <span class='ocrx_word' id='word_1_283' title='bbox 260 1697 317 1732; x_wconf 89' lang='lat' dir='ltr'><em>M.</em></span> <span class='ocrx_word' id='word_1_284' title='bbox 346 1697 548 1732; x_wconf 84' lang='lat' dir='ltr'><em>Ciceronem</em></span> <span class='ocrx_word' id='word_1_285' title='bbox 579 1697 621 1731; x_wconf 88' lang='lat' dir='ltr'><em>de</em></span> <span class='ocrx_word' id='word_1_286' title='bbox 652 1697 827 1742; x_wconf 78' lang='lat' dir='ltr'><em>analoyia</em></span> <span class='ocrx_word' id='word_1_287' title='bbox 851 1697 1079 1740; x_wconf 85' lang='lat' dir='ltr'><em>conscripsit,</em></span> <span class='ocrx_word' id='word_1_288' title='bbox 1108 1697 1264 1731; x_wconf 84' lang='lat' dir='ltr'><em>harenas</em></span> <span class='ocrx_word' id='word_1_289' title='bbox 1288 1696 1415 1731; x_wconf 78' lang='lat' dir='ltr'><em>vitiose</em></span> 
     </span>
     <span class='ocr_line' id='line_1_33' title="bbox 64 1744 1415 1789; baseline -0.001 -10"><span class='ocrx_word' id='word_1_290' title='bbox 64 1744 139 1780; x_wconf 90' lang='lat' dir='ltr'><em>dici</em></span> <span class='ocrx_word' id='word_1_291' title='bbox 181 1745 380 1788; x_wconf 77' lang='lat' dir='ltr'><em>eaeistimat‚</em></span> <span class='ocrx_word' id='word_1_292' title='bbox 426 1745 521 1788; x_wconf 86' lang='lat' dir='ltr'><em>quod</em></span> <span class='ocrx_word' id='word_1_293' title='bbox 563 1744 701 1778; x_wconf 81' lang='lat' dir='ltr'><em>harena</em></span> <span class='ocrx_word' id='word_1_294' title='bbox 744 1756 942 1789; x_wconf 86' lang='lat' dir='ltr'><em>numquam</em></span> <span class='ocrx_word' id='word_1_295' title='bbox 981 1744 1230 1779; x_wconf 83' lang='lat' dir='ltr'><em>multitudinis</em></span> <span class='ocrx_word' id='word_1_296' title='bbox 1265 1754 1415 1778; x_wconf 87' lang='lat' dir='ltr'><em>numero</em></span> 
     </span>
     <span class='ocr_line' id='line_1_34' title="bbox 65 1791 1414 1837; baseline -0.001 -11"><span class='ocrx_word' id='word_1_297' title='bbox 65 1792 289 1836; x_wconf 82' lang='lat' dir='ltr'><em>appellanda</em></span> <span class='ocrx_word' id='word_1_298' title='bbox 313 1792 373 1834; x_wconf 87' lang='lat' dir='ltr'><em>sit,</em></span> <span class='ocrx_word' id='word_1_299' title='bbox 397 1792 506 1826; x_wconf 84' lang='lat' dir='ltr'><em>sicuti</em></span> <span class='ocrx_word' id='word_1_300' title='bbox 523 1803 637 1835; x_wconf 87' lang='lat' dir='ltr'><em>neque</em></span> <span class='ocrx_word' id='word_1_301' title='bbox 656 1792 794 1826; x_wconf 78' lang='lat' dir='ltr'><em>caelum</em></span> <span class='ocrx_word' id='word_1_302' title='bbox 813 1803 924 1837; x_wconf 88' lang='lat' dir='ltr'><em>neque</em></span> <span class='ocrx_word' id='word_1_303' title='bbox 944 1791 1124 1834; x_wconf 86' lang='lat' dir='ltr'><em>triticum;</em></span> <span class='ocrx_word' id='word_1_304' title='bbox 1149 1795 1275 1826; x_wconf 88' lang='lat' dir='ltr'><em>contra</em></span> <span class='ocrx_word' id='word_1_305' title='bbox 1294 1795 1414 1825; x_wconf 85' lang='lat' dir='ltr'><em>autem</em></span> 
     </span>
     <span class='ocr_line' id='line_1_35' title="bbox 67 1839 1415 1884; baseline -0.001 -11"><span class='ocrx_word' id='word_1_306' title='bbox 67 1839 284 1884; x_wconf 74' lang='lat' dir='ltr'><em>quadriyas,</em></span> <span class='ocrx_word' id='word_1_307' title='bbox 322 1839 464 1874; x_wconf 90' lang='lat' dir='ltr'><em>etiamsi</em></span> <span class='ocrx_word' id='word_1_308' title='bbox 499 1850 629 1873; x_wconf 87' lang='lat' dir='ltr'><em>currus</em></span> <span class='ocrx_word' id='word_1_309' title='bbox 658 1849 772 1881; x_wconf 85' lang='lat' dir='ltr'><em>unus,</em></span> <span class='ocrx_word' id='word_1_310' title='bbox 807 1850 977 1883; x_wconf 85' lang='lat' dir='ltr'><em>equorum</em></span> <span class='ocrx_word' id='word_1_311' title='bbox 1009 1843 1179 1882; x_wconf 91' lang='lat' dir='ltr'><em>quattuor</em></span> <span class='ocrx_word' id='word_1_312' title='bbox 1208 1839 1415 1873; x_wconf 87' lang='lat' dir='ltr'><em>iunctorum</em></span> 
     </span>
     <span class='ocr_line' id='line_1_36' title="bbox 67 1886 1415 1931; baseline -0.001 -10"><span class='ocrx_word' id='word_1_313' title='bbox 67 1897 195 1931; x_wconf 75' lang='lat' dir='ltr'><em>aymen</em></span> <span class='ocrx_word' id='word_1_314' title='bbox 219 1897 334 1921; x_wconf 87' lang='lat' dir='ltr'><em>unum</em></span> <span class='ocrx_word' id='word_1_315' title='bbox 358 1887 423 1929; x_wconf 87' lang='lat' dir='ltr'><em>sit,</em></span> <span class='ocrx_word' id='word_1_316' title='bbox 443 1886 631 1930; x_wconf 76' lang='lat' dir='ltr'><em>plurativo</em></span> <span class='ocrx_word' id='word_1_317' title='bbox 655 1897 790 1930; x_wconf 85' lang='lat' dir='ltr'><em>semper</em></span> <span class='ocrx_word' id='word_1_318' title='bbox 813 1898 961 1922; x_wconf 87' lang='lat' dir='ltr'><em>numero</em></span> <span class='ocrx_word' id='word_1_319' title='bbox 986 1886 1158 1920; x_wconf 86' lang='lat' dir='ltr'><em>dicendas</em></span> <span class='ocrx_word' id='word_1_320' title='bbox 1177 1890 1298 1930; x_wconf 88' lang='lat' dir='ltr'><em>putat,</em></span> <span class='ocrx_word' id='word_1_321' title='bbox 1322 1886 1415 1920; x_wconf 86' lang='lat' dir='ltr'><em>sicut</em></span> 
     </span>
     <span class='ocr_line' id='line_1_37' title="bbox 65 1933 1415 1979; baseline -0.001 -11"><span class='ocrx_word' id='word_1_322' title='bbox 65 1944 170 1968; x_wconf 83' lang='lat' dir='ltr'><em>arma</em></span> <span class='ocrx_word' id='word_1_323' title='bbox 201 1938 233 1969; x_wconf 89' lang='lat' dir='ltr'><em>et</em></span> <span class='ocrx_word' id='word_1_324' title='bbox 264 1934 406 1968; x_wconf 85' lang='lat' dir='ltr'><em>moenia</em></span> <span class='ocrx_word' id='word_1_325' title='bbox 432 1938 464 1968; x_wconf 89' lang='lat' dir='ltr'><em>et</em></span> <span class='ocrx_word' id='word_1_326' title='bbox 488 1934 634 1968; x_wconf 87' lang='lat' dir='ltr'><em>comitia</em></span> <span class='ocrx_word' id='word_1_327' title='bbox 658 1938 690 1968; x_wconf 88' lang='lat' dir='ltr'><em>et</em></span> <span class='ocrx_word' id='word_1_328' title='bbox 714 1934 938 1969; x_wconf 87' lang='lat' dir='ltr'><em>inimicitias.</em></span> <span class='ocrx_word' id='word_1_329' title='bbox 973 1954 1017 1959; x_wconf 91' lang='lat'>—</span> <span class='ocrx_word' id='word_1_330' title='bbox 1049 1934 1145 1968; x_wconf 85' lang='lat' dir='ltr'><em>Ibid.</em></span> <span class='ocrx_word' id='word_1_331' title='bbox 1172 1934 1199 1979; x_wconf 57' lang='grc' dir='ltr'><em>ᾗ</em></span> <span class='ocrx_word' id='word_1_332' title='bbox 1225 1936 1257 1968; x_wconf 82' lang='grc'><em>7.</em></span> <span class='ocrx_word' id='word_1_333' title='bbox 1311 1933 1415 1967; x_wconf 86' lang='lat' dir='ltr'><em>Tunc</em></span> 
     </span>
     <span class='ocr_line' id='line_1_38' title="bbox 63 1981 1413 2026; baseline -0.001 -11"><span class='ocrx_word' id='word_1_334' title='bbox 63 1981 216 2025; x_wconf 72' lang='lat' dir='ltr'><em>probato</em></span> <span class='ocrx_word' id='word_1_335' title='bbox 242 1981 334 2015; x_wconf 76' lang='lat' dir='ltr'><em>libro</em></span> <span class='ocrx_word' id='word_1_336' title='bbox 359 1982 402 2015; x_wconf 88' lang='lat' dir='ltr'><em>de</em></span> <span class='ocrx_word' id='word_1_337' title='bbox 427 1982 601 2026; x_wconf 70' lang='lat' dir='ltr'><em>analoyia</em></span> <span class='ocrx_word' id='word_1_338' title='bbox 622 1981 755 2025; x_wconf 81' lang='lat' dir='ltr'><em>primo,</em></span> <span class='ocrx_word' id='word_1_339' title='bbox 779 1982 886 2016; x_wconf 77' lang='lat' dir='ltr'><em>verba</em></span> <span class='ocrx_word' id='word_1_340' title='bbox 911 1982 996 2016; x_wconf 88' lang='lat' dir='ltr'><em>haec</em></span> <span class='ocrx_word' id='word_1_341' title='bbox 1020 1992 1064 2015; x_wconf 74' lang='lat' dir='ltr'><em>ea·</em></span> <span class='ocrx_word' id='word_1_342' title='bbox 1085 1992 1124 2015; x_wconf 91' lang='lat' dir='ltr'><em>eo</em></span> <span class='ocrx_word' id='word_1_343' title='bbox 1144 1992 1269 2025; x_wconf 89' lang='lat' dir='ltr'><em>pauca</em></span> <span class='ocrx_word' id='word_1_344' title='bbox 1287 1991 1413 2015; x_wconf 89' lang='lat' dir='ltr'><em>memo-</em></span> 
     </span>
     <span class='ocr_line' id='line_1_39' title="bbox 65 2028 1415 2072; baseline -0.001 -10"><span class='ocrx_word' id='word_1_345' title='bbox 65 2028 145 2063; x_wconf 85' lang='lat' dir='ltr'><em>riae</em></span> <span class='ocrx_word' id='word_1_346' title='bbox 170 2029 353 2063; x_wconf 82' lang='lat' dir='ltr'><em>mandavi.</em></span> <span class='ocrx_word' id='word_1_347' title='bbox 404 2028 524 2070; x_wconf 88' lang='lat' dir='ltr'><em>Nam,</em></span> <span class='ocrx_word' id='word_1_348' title='bbox 554 2040 634 2063; x_wconf 83' lang='lat' dir='ltr'><em>cum</em></span> <span class='ocrx_word' id='word_1_349' title='bbox 663 2040 778 2072; x_wconf 77' lang='lat' dir='ltr'><em>supra</em></span> <span class='ocrx_word' id='word_1_350' title='bbox 808 2029 974 2072; x_wconf 71' lang='lat' dir='ltr'><em>dixisset,</em></span> <span class='ocrx_word' id='word_1_351' title='bbox 1005 2039 1116 2072; x_wconf 82' lang='lat' dir='ltr'><em>neque</em></span> <span class='ocrx_word' id='word_1_352' title='bbox 1140 2029 1278 2063; x_wconf 79' lang='lat' dir='ltr'><em>caelum</em></span> <span class='ocrx_word' id='word_1_353' title='bbox 1302 2039 1415 2072; x_wconf 87' lang='lat' dir='ltr'><em>neque</em></span> 
     </span>
     <span class='ocr_line' id='line_1_40' title="bbox 67 2075 1415 2121; baseline -0.001 -11"><span class='ocrx_word' id='word_1_354' title='bbox 67 2075 229 2110; x_wconf 85' lang='lat' dir='ltr'><em>triticum</em></span> <span class='ocrx_word' id='word_1_355' title='bbox 258 2087 371 2120; x_wconf 89' lang='lat' dir='ltr'><em>neque</em></span> <span class='ocrx_word' id='word_1_356' title='bbox 394 2077 569 2110; x_wconf 89' lang='lat' dir='ltr'><em>harenam</em></span> <span class='ocrx_word' id='word_1_357' title='bbox 593 2076 841 2110; x_wconf 83' lang='lat' dir='ltr'><em>multitudinis</em></span> <span class='ocrx_word' id='word_1_358' title='bbox 865 2077 1167 2121; x_wconf 68' lang='lat' dir='ltr'><em>siqnificationem</em></span> <span class='ocrx_word' id='word_1_359' title='bbox 1186 2076 1288 2120; x_wconf 88' lang='lat' dir='ltr'><em>pati:</em></span> <span class='ocrx_word' id='word_1_360' title='bbox 1325 2086 1415 2109; x_wconf 90' lang='lat' dir='ltr'><em>num</em></span> 
     </span>
     <span class='ocr_line' id='line_1_41' title="bbox 67 2122 1413 2174; baseline 0.001 -19"><span class='ocrx_word' id='word_1_361' title='bbox 67 2123 120 2166; x_wconf 84' lang='lat' dir='ltr'><em>tu,</em></span> <span class='ocrx_word' id='word_1_362' title='bbox 146 2123 277 2167; x_wconf 89' lang='lat' dir='ltr'><em>inquit,</em></span> <span class='ocrx_word' id='word_1_363' title='bbox 304 2122 436 2157; x_wconf 83' lang='lat' dir='ltr'><em>harum</em></span> <span class='ocrx_word' id='word_1_364' title='bbox 460 2133 583 2157; x_wconf 84' lang='lat' dir='ltr'><em>rerum</em></span> <span class='ocrx_word' id='word_1_365' title='bbox 608 2124 744 2157; x_wconf 86' lang='lat' dir='ltr'><em>natura</em></span> <span class='ocrx_word' id='word_1_366' title='bbox 764 2123 932 2158; x_wconf 78' lang='lat' dir='ltr'><em>accidere</em></span> <span class='ocrx_word' id='word_1_367' title='bbox 951 2122 1155 2165; x_wconf 83' lang='lat' dir='ltr'><em>arbitraris,</em></span> <span class='ocrx_word' id='word_1_368' title='bbox 1182 2122 1282 2174; x_wconf 81' lang='lat' dir='ltr'><em>quod</em></span> <span class='ocrx_word' id='word_1_369' title='bbox 1301 2133 1413 2156; x_wconf 86' lang='lat' dir='ltr'><em>unam</em></span> 
     </span>
     <span class='ocr_line' id='line_1_42' title="bbox 68 2150 1415 2215; baseline 0.001 -13"><span class='ocrx_word' id='word_1_370' title='bbox 68 2150 206 2203; x_wconf 72' lang='lat' dir='ltr'><em>teiram</em></span> <span class='ocrx_word' id='word_1_371' title='bbox 243 2181 285 2204; x_wconf 85' lang='lat' dir='ltr'><em>ac</em></span> <span class='ocrx_word' id='word_1_372' title='bbox 321 2170 445 2215; x_wconf 85' lang='lat' dir='ltr'><em>plures</em></span> <span class='ocrx_word' id='word_1_373' title='bbox 484 2172 602 2204; x_wconf 84' lang='lat' dir='ltr'><em>terras</em></span> <span class='ocrx_word' id='word_1_374' title='bbox 641 2172 679 2204; x_wconf 90' lang='lat' dir='ltr'><em>et</em></span> <span class='ocrx_word' id='word_1_375' title='bbox 710 2170 839 2204; x_wconf 84' lang='lat' dir='ltr'><em>urbem</em></span> <span class='ocrx_word' id='word_1_376' title='bbox 870 2172 908 2205; x_wconf 86' lang='lat' dir='ltr'><em>et</em></span> <span class='ocrx_word' id='word_1_377' title='bbox 939 2171 1049 2204; x_wconf 84' lang='lat' dir='ltr'><em>urbes</em></span> <span class='ocrx_word' id='word_1_378' title='bbox 1082 2172 1120 2204; x_wconf 89' lang='lat' dir='ltr'><em>et</em></span> <span class='ocrx_word' id='word_1_379' title='bbox 1150 2169 1345 2214; x_wconf 87' lang='lat' dir='ltr'><em>imperium</em></span> <span class='ocrx_word' id='word_1_380' title='bbox 1376 2171 1415 2204; x_wconf 83' lang='lat' dir='ltr'><em>et</em></span> 
     </span>
     <span class='ocr_line' id='line_1_43' title="bbox 70 2215 1414 2263; baseline 0.001 -15"><span class='ocrx_word' id='word_1_381' title='bbox 70 2215 226 2260; x_wconf 85' lang='lat' dir='ltr'><em>imperia</em></span> <span class='ocrx_word' id='word_1_382' title='bbox 258 2217 441 2262; x_wconf 80' lang='lat' dir='ltr'><em>dieamus,</em></span> <span class='ocrx_word' id='word_1_383' title='bbox 477 2228 596 2261; x_wconf 86' lang='lat' dir='ltr'><em>neque</em></span> <span class='ocrx_word' id='word_1_384' title='bbox 628 2216 831 2263; x_wconf 82' lang='lat' dir='ltr'><em>quadrigas</em></span> <span class='ocrx_word' id='word_1_385' title='bbox 863 2217 902 2252; x_wconf 89' lang='lat' dir='ltr'><em>in</em></span> <span class='ocrx_word' id='word_1_386' title='bbox 934 2229 1046 2252; x_wconf 88' lang='lat' dir='ltr'><em>unam</em></span> <span class='ocrx_word' id='word_1_387' title='bbox 1071 2216 1231 2252; x_wconf 85' lang='lat' dir='ltr'><em>nominis</em></span> <span class='ocrx_word' id='word_1_388' title='bbox 1257 2217 1414 2262; x_wconf 85' lang='lat' dir='ltr'><em>figuram</em></span> 
     </span>
     <span class='ocr_line' id='line_1_44' title="bbox 69 2262 1412 2315; baseline 0.002 -20"><span class='ocrx_word' id='word_1_389' title='bbox 69 2262 237 2315; x_wconf 79' lang='lat' dir='ltr'><em>redigere</em></span> <span class='ocrx_word' id='word_1_390' title='bbox 273 2274 392 2308; x_wconf 89' lang='lat' dir='ltr'><em>neque</em></span> <span class='ocrx_word' id='word_1_391' title='bbox 422 2265 600 2299; x_wconf 86' lang='lat' dir='ltr'><em>harenam</em></span> <span class='ocrx_word' id='word_1_392' title='bbox 632 2264 884 2299; x_wconf 73' lang='lat' dir='ltr'><em>multitudinis</em></span> <span class='ocrx_word' id='word_1_393' title='bbox 917 2265 1168 2310; x_wconf 88' lang='lat' dir='ltr'><em>appellatione</em></span> <span class='ocrx_word' id='word_1_394' title='bbox 1201 2266 1412 2298; x_wconf 80' lang='lat' dir='ltr'><em>conveltere</em></span> 
     </span>
     <span class='ocr_line' id='line_1_45' title="bbox 69 2309 275 2354; baseline 0.01 -10"><span class='ocrx_word' id='word_1_395' title='bbox 69 2309 275 2354; x_wconf 69' lang='lat' dir='ltr'><em>possimus?</em></span> 
     </span>
    </p>

    <p class='ocr_par' dir='ltr' id='par_1_6' title="bbox 68 2357 1416 2451">
     <span class='ocr_line' id='line_1_46' title="bbox 166 2357 1414 2403; baseline 0.002 -12"><span class='ocrx_word' id='word_1_396' title='bbox 166 2357 323 2401; x_wconf 86' lang='lat' dir='ltr'><em>Pompei.</em></span> <span class='ocrx_word' id='word_1_397' title='bbox 347 2358 536 2394; x_wconf 77' lang='lat' dir='ltr'><em>Commeut.</em></span> <span class='ocrx_word' id='word_1_398' title='bbox 558 2360 598 2394; x_wconf 88' lang='lat' dir='ltr'><em>in</em></span> <span class='ocrx_word' id='word_1_399' title='bbox 617 2360 698 2395; x_wconf 86' lang='lat' dir='ltr'><em>Art.</em></span> <span class='ocrx_word' id='word_1_400' title='bbox 719 2360 856 2395; x_wconf 89' lang='lat' dir='ltr'><em>Donat.</em></span> <span class='ocrx_word' id='word_1_401' title='bbox 878 2361 929 2395; x_wconf 86' lang='lat' dir='ltr'><em>ed.</em></span> <span class='ocrx_word' id='word_1_402' title='bbox 952 2359 1039 2395; x_wconf 85' lang='lat' dir='ltr'><em>Keil</em></span> <span class='ocrx_word' id='word_1_403' title='bbox 1058 2360 1236 2403; x_wconf 74' lang='lat' dir='ltr'><em>(Gramnz.</em></span> <span class='ocrx_word' id='word_1_404' title='bbox 1258 2359 1342 2395; x_wconf 89' lang='lat' dir='ltr'><em>Lat.</em></span> <span class='ocrx_word' id='word_1_405' title='bbox 1362 2359 1414 2402; x_wconf 89' lang='lat' dir='ltr'><em>V)</em></span> 
     </span>
     <span class='ocr_line' id='line_1_47' title="bbox 68 2406 1416 2451; baseline 0.003 -13"><span class='ocrx_word' id='word_1_406' title='bbox 68 2415 106 2449; x_wconf 88' lang='lat' dir='ltr'><em>p.</em></span> <span class='ocrx_word' id='word_1_407' title='bbox 123 2407 208 2447; x_wconf 85' lang='lat'><em>197,</em></span> <span class='ocrx_word' id='word_1_408' title='bbox 220 2407 278 2439; x_wconf 77' lang='lat'><em>24.</em></span> <span class='ocrx_word' id='word_1_409' title='bbox 321 2406 509 2451; x_wconf 62' lang='lat' dir='ltr'><em>Analogia</em></span> <span class='ocrx_word' id='word_1_410' title='bbox 530 2435 535 2441; x_wconf 85' lang='lat'><em>.</em></span> <span class='ocrx_word' id='word_1_411' title='bbox 559 2435 566 2442; x_wconf 91' lang='lat'><em>.</em></span> <span class='ocrx_word' id='word_1_412' title='bbox 588 2435 595 2442; x_wconf 92' lang='lat'><em>.</em></span> <span class='ocrx_word' id='word_1_413' title='bbox 616 2408 657 2450; x_wconf 77' lang='lat' dir='ltr'><em>fit</em></span> <span class='ocrx_word' id='word_1_414' title='bbox 682 2412 756 2442; x_wconf 89' lang='lat' dir='ltr'><em>octo</em></span> <span class='ocrx_word' id='word_1_415' title='bbox 782 2408 914 2442; x_wconf 84' lang='lat' dir='ltr'><em>modis:</em></span> <span class='ocrx_word' id='word_1_416' title='bbox 938 2411 979 2442; x_wconf 82' lang='lat' dir='ltr'><em>ut</em></span> <span class='ocrx_word' id='word_1_417' title='bbox 1003 2408 1077 2442; x_wconf 84' lang='lat' dir='ltr'><em>sint</em></span> <span class='ocrx_word' id='word_1_418' title='bbox 1100 2418 1162 2442; x_wconf 76' lang='lat' dir='ltr'><em>seoe</em></span> <span class='ocrx_word' id='word_1_419' title='bbox 1186 2407 1271 2441; x_wconf 87' lang='lat' dir='ltr'><em>illae</em></span> <span class='ocrx_word' id='word_1_420' title='bbox 1291 2411 1416 2451; x_wconf 89' lang='lat' dir='ltr'><em>partes</em></span> 
     </span>
    </p>
   </div>
  </div>
 </body>
</html>
