1669 2574
134 212 160 230 a.
174 212 203 230 u.
218 212 241 230 0.

106 240 181 265 DCC
189 241 242 265 v11

147 278 213 308 (46).

248 109 331 151 218
533 111 569 146 C.
596 110 711 145 IULII
737 110 963 145 CAESARIS
989 109 1299 145 FRAGMENTA.

486 205 562 239 AD
587 205 632 239 A.
660 204 924 239 ALIENUM
947 203 1353 238 PROCONSULEM.

350 270 442 304 Bell.
468 270 551 312 Afr.
577 272 638 310 20,
657 271 689 303 3.
740 269 900 303 Litteras
931 269 972 302 in
1003 268 1168 302 Siciliam
1198 269 1412 312 nuntiosque
1443 269 1590 311 mittere,

250 321 287 351 ut
319 317 390 351 sibi
422 321 536 351 crates
567 316 815 360 materiemque
840 319 1066 360 conyererent
1091 316 1140 349 ad
1166 316 1309 358 arietes,
1335 316 1438 350 cuius
1461 316 1590 360 iuopia

250 364 287 397 iu
313 364 445 406 Africa
471 367 567 405 esset,
587 367 775 406 praeterea
799 363 948 405 ferrum,
968 363 1158 406 plumbum
1182 363 1387 398 mitteretur.

246 241 261 265 1

492 468 611 503 CIRC
617 468 698 503 UM
721 468 826 503 PRO
833 468 1069 502 VINCIAM
1091 468 1351 504 AFRICAM.

342 533 433 568 Bell.
461 534 544 576 Afr.
571 536 638 576 26,
658 536 690 568 1.
742 533 875 568 Caesar
899 533 1054 575 interim,
1080 544 1160 568 cum
1185 534 1227 568 de
1251 545 1316 568 suo
1342 534 1498 569 adventu
1523 534 1590 568 du-

248 581 373 615 bitatio
392 581 433 615 in
447 581 640 624 provincia
659 585 744 615 esset
762 591 873 624 neque
892 581 1082 624 quisquam
1107 581 1260 616 crederet
1284 581 1414 625 ipsum,
1441 582 1501 615 sed
1520 582 1589 615 ali·

247 639 348 671 (licem
375 628 529 673 leyatum
555 629 595 662 in
620 628 788 671 Africam
813 639 893 662 cum
918 628 1030 671 copiis
1055 628 1201 670 venisse,
1225 629 1435 672 conscriptis
1464 628 1591 663 litteris

247 676 382 710 circum
402 675 631 720 provinciam
655 686 773 710 omnes
798 675 959 710 civitates
983 675 1075 717 facit
1094 675 1136 710 de
1155 686 1219 710 suo
1240 676 1396 710 adventu
1415 676 1590 711 certiores.

329 781 405 815 AD
430 781 476 816 A.
503 780 767 816 ALIENUM
789 781 863 815 ET
886 781 1171 816 RABIRIUM
1194 780 1505 817 POSTUMUM.

341 852 434 886 Bell.
455 852 538 895 Afr.
559 854 621 894 26,
641 855 673 886 3.
712 852 863 887 Litteris
894 852 1052 887 celeriter
1081 853 1123 886 in
1147 851 1312 887 Siciliam
1344 852 1393 886 ad
1418 852 1590 887 Alienum

247 904 278 934 et
315 899 512 934 Rabirium
551 900 762 934 Postumum
796 900 1007 943 conscriptis
1044 903 1075 934 et
1108 911 1174 943 per
1210 904 1439 943 catascopum
1473 900 1591 934 missis

249 947 513 993 <imperavit>,
544 951 585 981 ut
615 947 692 981 sine
723 957 824 981 mora
855 958 898 981 ac
928 947 1033 981 nulla
1064 947 1292 982 eoecusatione
1322 947 1447 981 hie-mis
1472 951 1590 982 vento-

247 1005 395 1037 rumque
427 1005 534 1038 quam
566 994 742 1028 celerrime
773 994 948 1028 exercitus
972 994 1042 1028 sibi
1067 998 1392 1038 transportaretur:
1422 994 1592 1037 Africam

246 1042 471 1085 provinciam
492 1042 612 1085 perire
636 1042 873 1085 funditusque
895 1041 1003 1076 everti
1028 1041 1073 1075 ab
1098 1042 1174 1076 suis
1199 1042 1358 1076 inimicis
1364 1055 1377 1084 ,·
1404 1042 1498 1085 quod
1516 1041 1591 1076 nisi

248 1089 404 1123 celeriter
434 1089 540 1123 sociis
569 1089 663 1131 foret
693 1089 920 1131 subventum,
941 1093 1086 1132 praeter
1116 1089 1233 1132 ipsam
1264 1089 1433 1131 Africam
1459 1093 1591 1124 terram

249 1136 358 1178 nihil,
389 1147 433 1170 ne
463 1140 590 1170 tectum
622 1136 781 1180 quidem,
812 1146 881 1180 quo
912 1146 947 1170 se
978 1136 1189 1180 reciperent,
1220 1136 1265 1170 ab
1291 1136 1436 1170 illorum
1467 1136 1593 1171 scelere

251 1183 464 1227 insidiisque
489 1183 667 1228 reliquum
690 1184 867 1226 futurum.

719 1301 795 1336 AD
823 1300 1112 1336 GAETULOS.

342 1372 434 1406 Bell.
456 1373 538 1415 Afr.
561 1374 620 1415 32,
641 1375 673 1406 4.
721 1372 882 1417 Quorum
913 1384 956 1407 ea·
986 1383 1135 1407 numero
1161 1373 1278 1407 electis
1302 1373 1507 1407 hominibus
1532 1372 1589 1407 in-

249 1420 478 1454 lustrioribus
503 1420 722 1465 [Gaetulos]
747 1424 779 1454 et
805 1420 933 1454 litteris
957 1420 1005 1453 acl
1030 1430 1113 1454 suos
1138 1420 1229 1454 cives
1253 1420 1350 1454 datis
1375 1421 1590 1463 cohortatus,

250 1467 303 1501 uti
334 1478 446 1501 manu
482 1468 582 1510 facta
613 1478 648 1502 se
678 1478 828 1511 suosque
865 1467 1111 1510 defenderent,
1142 1478 1186 1501 ne
1216 1467 1293 1501 suis
1329 1467 1487 1502 inimicis
1524 1468 1588 1502 ad-

251 1515 485 1558 versariisque
511 1515 604 1549 dicto
630 1515 816 1550 audientes
841 1518 964 1556 essent,
989 1515 1107 1549 mittit.
1146 1515 1190 1558 cf.
1219 1517 1277 1557 55,
1297 1517 1328 1549 1.

624 1620 918 1655 INCERTUM
939 1620 1015 1654 AD
1047 1620 1211 1665 QUEM.

345 1692 414 1726 Cic.
437 1692 485 1725 ad
505 1691 611 1725 Fam.
632 1692 706 1733 IX,
727 1694 766 1734 6,
786 1695 806 1725 1
835 1692 907 1735 (M.
938 1692 1101 1726 Terentio
1134 1692 1308 1735 Varroni,
1339 1702 1445 1726 mens.
1472 1691 1590 1735 Iun).

250 1738 339 1772 Cum
364 1739 424 1773 ille
448 1739 657 1782 scripsisset,
682 1743 722 1773 ut
747 1739 886 1783 opinor,
911 1750 946 1774 se
971 1739 1012 1773 in
1031 1740 1194 1774 Alsiense
1213 1744 1414 1782 venturum,
1439 1739 1589 1783 scripse-

250 1790 334 1820 runt
360 1786 409 1820 ad
434 1797 512 1820 eum
536 1787 607 1829 sui,
632 1798 676 1821 ne
700 1787 740 1821 iol
763 1787 905 1829 faceret.

524 1892 601 1926 AD
629 1893 668 1926 T.
697 1892 1033 1928 POMPONIUM
1055 1892 1309 1927 ATTICUM.

344 1962 414 1997 Cic.
442 1963 490 1996 ad
516 1963 589 1997 Att.
619 1964 720 2005 XII,
748 1967 788 2005 6,
808 1967 829 1997 4
863 1966 993 2007 (mense
1024 1964 1146 1998 intere.
1168 1965 1290 2008 post).
1344 1963 1475 1998 Caesar
1500 1963 1591 1998 milii

251 2010 399 2044 irridere
425 2010 521 2044 visus
547 2015 596 2045 est
623 2014 797 2054 „quacsffl
822 2012 916 2045 illud
940 2015 1052 2053 tuum,
1077 2011 1172 2055 quod
1197 2015 1273 2045 erat
1298 2010 1443 2051 εὐπινὲς
1468 2014 1499 2045 et
1524 2021 1588 2044 ur·

250 2058 402 2100 banum;
427 2058 480 2092 ita
501 2068 611 2101 porro
638 2062 668 2092 tc
693 2058 769 2092 sine
788 2070 877 2093 cura
902 2070 972 2093 esse
997 2059 1115 2100 iussit,
1139 2062 1180 2092 ut
1204 2058 1293 2091 mihi
1317 2059 1458 2102 quidem
1483 2058 1589 2092 dubi-

249 2105 417 2139 tationem
448 2115 584 2139 omnem
615 2105 756 2139 tolleret.
805 2106 858 2148 Cf.
885 2105 1062 2149 Schmidt,
1093 2105 1155 2139 der
1185 2105 1436 2148 Briefwechsel
1467 2106 1501 2140 d.
1529 2104 1587 2139 M.

250 2152 344 2186 Tull.
368 2152 438 2187 Cic.
460 2163 497 2196 p.
518 2154 604 2187 262.

529 2258 605 2292 AD
631 2258 742 2293 SER.
770 2258 1072 2293 SULPICIUM
1094 2258 1301 2293 RUFUM.

347 2323 416 2357 Cic.
439 2323 487 2357 ad
513 2323 618 2357 Fam.
640 2323 764 2365 XIII,
784 2327 843 2366 19,
863 2327 882 2357 1
911 2323 1076 2366 (Servio).
1124 2323 1302 2366 Effectum
1327 2328 1376 2359 est
1407 2329 1439 2359 et
1469 2325 1589 2369 ipsius

249 2370 442 2415 (Lysonis)
469 2371 653 2415 splendore
678 2375 709 2405 et
734 2375 854 2406 nostro
874 2371 1158 2415 reliquorumque
1186 2372 1364 2415 hospitum
1389 2373 1521 2415 studio,
1546 2376 1586 2407 ut
