1669 2574
282 128 336 168 16
635 127 830 161 BELLUM
855 127 1254 162 ALEXANDRINUM.

280 224 477 265 dentibus
509 223 660 264 studiis
698 222 901 276 militum,
939 236 1015 263 nec
1047 222 1263 278 divulgata
1296 222 1484 265 Caesaris
1515 223 1610 264 hor-

279 289 384 329 tatio
429 288 629 341 subsequi
672 286 888 341 legionum
933 289 1005 327 aut
1047 286 1234 328 laborem
1278 290 1351 328 aut
1393 288 1631 342 pugnandi,

278 354 446 406 poterat
476 350 763 405 cupiditatem,
793 352 841 391 ut
869 351 1004 405 magis
1031 350 1267 392 deterrendi
1293 354 1335 393 et
1367 352 1610 393 continendi

280 431 304 456 a
328 415 696 469 periculosissimis
722 417 862 456 essent
888 414 1227 456 dimicationibus
1255 430 1380 470 quam
1407 416 1611 457 incitandi

280 479 332 520 ad
361 479 647 534 pugnandum.
1668 470 1669 474 Ἰ

367 542 525 585 ΧΧΙΠ.
580 543 859 585 Alexandrini
918 558 1012 584 cum
1060 543 1274 587 Romanos
1326 548 1367 587 et
1417 546 1610 586 secundis

279 607 404 648 rebus
446 608 687 649 confirmari
727 611 768 650 et
809 608 993 649 adversis
1035 608 1202 650 incitari
1242 609 1435 651 viderent
1474 624 1610 664 neque

278 671 413 713 ullum
444 671 545 713 belli
582 673 757 713 tertium
790 687 932 713 casum
970 675 1159 727 nossent,
1201 688 1282 728 quo
1314 677 1488 728 possent
1520 688 1610 715 esse

276 738 504 791 firmiores,
535 740 583 778 ut
609 738 849 778 coniectura
874 737 1075 791 consequi
1100 751 1337 792 possumus,
1369 741 1441 779 aut
1471 738 1610 780 admo-

277 802 358 843 niti
395 817 419 842 a
455 802 567 857 regis
606 802 770 856 amicis,
812 802 885 856 qui
922 801 966 842 in
998 800 1187 843 Caesaris
1227 805 1346 844 erant
1376 803 1610 857 praesidiis,

278 869 350 907 aut
382 881 458 908 suo
489 867 630 920 priore
663 865 839 907 consilio
870 880 945 920 per
977 866 1165 907 occultos
1191 867 1363 908 nuntios
1395 867 1486 921 regi
1517 882 1610 921 pro-

277 931 398 972 batos
418 930 582 985 legatos
604 929 656 970 ad
670 928 890 970 Caesarem
909 930 1127 984 miserunt,
1147 933 1196 971 ut
1216 930 1448 972 dimitteret
1467 945 1610 986 regem

279 995 541 1049 transireque
578 994 630 1035 ad
668 1009 766 1036 suos
805 996 1035 1048 pateretur:
1077 997 1267 1049 paratam
1299 995 1411 1036 enim
1443 1010 1611 1037 omnem

277 1059 594 1101 multitudinem
626 1074 728 1113 esse,
760 1058 993 1100 confectam
1025 1058 1163 1099 taedio
1196 1058 1360 1112 puellae
1392 1059 1610 1100 fiduciario

277 1138 420 1179 regno,
453 1124 739 1164 dominatione
771 1123 1062 1164 crudelissima
1089 1122 1357 1178 Ganymedis,
1389 1123 1525 1165 facere
1557 1125 1611 1178 id,

277 1189 391 1243 quod
415 1203 489 1229 rex
515 1189 780 1242 imperasset3
813 1202 896 1241 quo
929 1188 965 1228 si
997 1190 1166 1228 auctore
1193 1188 1237 1228 in
1264 1186 1453 1228 Caesaris
1484 1188 1611 1229 fidem

277 1252 590 1305 amicitiamque
633 1251 800 1292 venturi
849 1254 1008 1305 essent,
1057 1251 1217 1292 nullius
1267 1251 1445 1305 periculi
1489 1252 1610 1293 timo-

276 1332 365 1358 rem
396 1316 662 1357 multitudini
698 1315 788 1356 fore
819 1316 1139 1370 impedimento,
1181 1330 1264 1370 quo
1295 1316 1436 1357 minus
1468 1331 1512 1357 se
1545 1316 1610 1357 de-

277 1382 433 1422 derent.

364 1444 543 1486 XXIIII.
600 1444 752 1486 Caesar
795 1444 875 1485 etsi
919 1444 1111 1485 fallacem
1150 1447 1319 1499 gentem
1364 1458 1611 1498 semperque

277 1510 359 1551 alia
390 1510 660 1565 cogitantem,
692 1509 774 1550 alia
806 1508 1077 1550 simulantem
1108 1508 1213 1549 bene
1240 1507 1455 1561 cognitam
1485 1507 1610 1548 habe-

276 1574 366 1628 bat,
404 1577 545 1615 tamen
582 1574 825 1628 petentibus
858 1573 955 1613 dare
986 1572 1153 1613 veniam
1184 1571 1288 1613 utile
1321 1586 1411 1612 esse
1449 1571 1611 1626 statuit,

277 1638 402 1693 quod,
427 1638 464 1679 si
484 1652 567 1692 quo
592 1640 715 1691 pacto
743 1637 948 1678 sentirent
974 1651 1033 1690 ea,
1060 1651 1165 1690 quae
1190 1635 1469 1690 postularent,
1496 1650 1610 1676 man-

277 1717 423 1744 surum
455 1702 499 1743 in
529 1702 612 1743 fide
644 1702 865 1743 dimissum
896 1715 1039 1756 regem
1071 1700 1284 1755 credebat,
1315 1701 1394 1754 sin,
1424 1700 1467 1741 id
1499 1700 1612 1754 quod

276 1767 412 1821 magis
445 1766 616 1807 illorum
647 1769 822 1807 naturae
855 1765 1149 1820 conveniebat,
1188 1765 1336 1807 ducem
1368 1764 1420 1806 ad
1450 1764 1611 1806 bellum

277 1830 507 1886 gerendum
538 1844 681 1885 regem
710 1829 867 1871 habere
891 1830 1061 1884 vellent,
1093 1829 1354 1883 splendidius
1387 1832 1513 1884 atque
1537 1828 1610 1870 ho—
1656 1876 1657 1880 Ἰ

276 1895 437 1936 nestius
475 1909 518 1935 se
552 1896 697 1935 contra
734 1908 877 1948 regem
910 1908 1036 1948 quam
1064 1886 1220 1935 vcontra
1251 1907 1533 1935 convenarum
1565 1908 1612 1935 ac

276 1959 555 2014 fugitivorum
580 1973 753 1999 manum
778 1958 938 1999 bellum
965 1972 1054 1999 esse
1081 1960 1310 2011 gesturum.
1373 1955 1522 2011 Itaque
1551 1971 1610 1997 re-

277 2038 372 2079 gem
404 2023 660 2077 cohortatus,
691 2026 741 2064 ut
772 2022 1009 2064 consuleret
1039 2034 1170 2075 regno
1201 2024 1390 2075 paterno,
1421 2023 1612 2075 parceret

276 2087 635 2142 praeclarissimae
666 2087 839 2141 patriae,
873 2101 978 2140 quae
1009 2086 1204 2139 turpibus
1231 2085 1436 2127 incendiis
1462 2088 1504 2126 et
1529 2085 1614 2126 rui-

275 2152 342 2193 nis
375 2154 485 2193 esset
516 2151 765 2206 deformata,
806 2151 916 2191 cives
956 2164 1054 2191 suos
1086 2149 1270 2203 primum
1303 2150 1355 2190 ad
1387 2150 1612 2190 sanitatem

276 2218 509 2270 revocaret,
554 2215 701 2256 deinde
739 2217 1022 2268 conservaret,
1064 2213 1191 2254 fidem
1228 2213 1386 2268 populo
1418 2213 1611 2254 Romano

276 2279 443 2333 sibique
473 2281 717 2333 praestaret,
750 2293 844 2319 cum
877 2279 966 2332 ipse
998 2280 1165 2319 tantum
1192 2278 1229 2319 ei
1256 2278 1454 2333 crederet,
1485 2280 1534 2318 ut
1561 2277 1612 2318 ad

275 2342 420 2385 hostes
459 2346 642 2385 armatos
680 2357 775 2385 eum
812 2343 1016 2397 mitteret,
1056 2342 1203 2383 dextra
1235 2341 1426 2382 dextram
1463 2344 1611 2383 tenens
