1669 2574
225 1094 244 1123 t&

230 1995 249 2024 2

232 2188 250 2215 3

267 90 322 131 56
711 88 906 122 BELLUM
930 87 1153 122 AFRICUM.

269 185 431 239 equites
464 199 608 225 eorum
639 182 958 223 multitudinem
990 196 1112 237 aegre
1144 183 1418 224 sustinebant.
1475 181 1598 225 Acies
1646 205 1649 240 3

268 249 438 290 interim
469 248 629 288 mediae
663 261 757 288 cum
790 261 1037 288 concurrere
1069 251 1335 302 conarentur,
1372 247 1512 288 subito
1549 262 1599 288 ex

269 312 489 354 condensis
515 310 667 352 turmis
692 310 855 365 pedites
880 310 1090 352 Numidae
1115 311 1219 353 levis
1246 314 1481 353 armaturae
1505 326 1600 352 cum

270 377 482 430 equitibus
513 377 768 429 procurrunt
800 377 842 416 et
866 375 976 416 inter
1001 374 1255 429 legionarios
1280 375 1442 430 pedites
1466 374 1601 415 iacula
1647 372 1649 398 ‘³

270 441 463 481 coiciunt.
524 438 607 480 Hic
646 453 740 480 cum
779 438 1016 480 Caesariani
1053 439 1098 480 in
1135 454 1204 481 eos
1242 440 1447 494 impetum
1482 438 1599 480 fecis-
1646 452 1649 495 j

269 506 381 557 sent,
418 503 588 544 illorum
620 504 782 558 equites
820 503 1103 558 refugiebant3
1139 504 1301 558 pedites
1338 502 1508 544 interim
1541 515 1600 542 re-
1646 546 1649 559 ,Ἰ

269 568 487 622 sistebant,
519 568 618 608 dum
651 568 812 622 equites
843 582 989 609 rursus
1016 582 1141 609 cursu
1165 570 1365 610 renovato
1390 565 1602 621 peditibus
1648 560 1649 570 ¹

270 633 357 673 suis
389 635 691 674 succurrerent.

357 696 448 738 XV.
513 695 663 738 Caesar
694 711 803 738 novo
836 710 986 751 genere
1020 710 1186 751 pugnae
1217 695 1358 737 oblato
1392 709 1487 736 cum
1518 694 1603 736 ani·
1648 698 1650 749 ff

270 775 387 802 mum
426 761 660 802 adverteret
703 761 870 802 ordines
908 775 1081 802 suorum
1119 761 1163 801 in
1198 759 1480 814 procurrendo
1518 761 1603 800 tur·
1648 763 1650 784 ῑ

269 825 362 866 bari
392 850 450 854 —
480 826 641 879 pedites
680 825 809 879 enim,
848 825 946 866 dum
986 825 1149 880 equites
1185 825 1355 879 longius
1387 825 1438 866 ab
1471 824 1604 880 signis
1648 823 1650 856 ῗ

269 892 594 943 prosequuntur,
618 888 748 930 latere
774 889 931 931 nudato
959 904 982 930 a
1006 889 1211 944 proximis
1233 888 1431 931 Numidis
1457 889 1603 930 iaculis
1648 935 1649 938 Ἴ

269 953 616 1008 vulnerabantur,
661 953 823 1007 equites
868 956 1008 995 autem
1051 953 1240 994 hostium
1282 953 1415 1007 pilum
1455 953 1604 994 militis

271 1032 395 1059 cursu
432 1018 554 1059 facile
590 1018 784 1058 vitabant
819 1043 878 1047 —
915 1019 1042 1059 edicit
1078 1032 1153 1072 per
1191 1017 1374 1071 ordines,
1415 1032 1467 1059 ne
1511 1017 1604 1072 quis

271 1082 392 1123 miles
436 1081 486 1122 ab
531 1082 664 1136 signis
705 1093 752 1122 IV
788 1082 913 1136 pedes
950 1082 1120 1137 longius
1157 1082 1411 1136 procederet.
1476 1081 1605 1135 Equi-
1650 1079 1651 1082 '

271 1149 385 1187 tatus
434 1146 605 1187 interim
653 1146 830 1187 Labieni
882 1161 1055 1188 suorum
1103 1146 1376 1187 multitudine
1424 1146 1606 1187 confisus
1649 1160 1650 1179 ³

276 1210 464 1252 Caesaris
501 1211 759 1265 paucitatem
800 1212 974 1252 circuire
1019 1214 1209 1253 conatur:
1254 1211 1416 1265 equites
1453 1209 1606 1251 Iuliani
1648 1218 1649 1223 ’

272 1276 395 1330 pauci
425 1275 696 1316 multitudine
727 1275 917 1317 hostium
949 1276 1102 1317 defessi
1140 1275 1258 1329 equis
1297 1275 1606 1316 convulneratis

272 1340 477 1394 paulatim
516 1340 677 1394 cedere3
715 1339 850 1380 hostis
889 1340 1024 1395 magis
1061 1341 1280 1394 magisque
1312 1339 1479 1380 instare.
1541 1338 1608 1379 Ita
1649 1360 1651 1362 v

273 1406 430 1458 puncto
463 1404 666 1458 temporis
699 1404 895 1445 omnibus
926 1404 1171 1459 legionariis
1204 1404 1255 1444 ab
1280 1403 1468 1444 hostium
1494 1403 1606 1457 equi·
1648 1449 1650 1451 ,

272 1472 365 1510 tatu
409 1468 705 1509 circumventis
746 1468 1017 1522 Caesarisque
1062 1468 1193 1522 copiis
1236 1468 1280 1508 in
1318 1467 1461 1508 orbem
1499 1481 1607 1508 com-

273 1533 406 1587 pulsis
449 1532 562 1573 intra
605 1532 812 1573 cancellos
858 1547 1001 1574 omnes
1047 1532 1224 1574 coniecti
1266 1545 1454 1586 pugnare
1491 1545 1608 1586 coge·
1650 1525 1652 1528 ’

273 1597 439 1637 bantur.

361 1659 475 1702 XVI.
536 1660 747 1701 Labienus
792 1660 835 1701 in
880 1675 986 1715 equo
1032 1660 1167 1714 capite
1211 1660 1323 1701 nudo
1366 1660 1524 1700 versari
1566 1660 1609 1700 in
1654 1654 1656 1670 ³

274 1726 411 1779 prima
443 1725 546 1779 acie,
585 1725 712 1765 simul
744 1739 841 1766 suos
875 1725 1103 1779 cohortari,
1134 1739 1451 1779 nonnumquam
1481 1725 1609 1780 legio·
1653 1742 1657 1758 ·-

275 1790 414 1830 narios
448 1788 636 1829 Caesaris
668 1789 728 1829 ita
759 1789 987 1843 appellare:
1021 1788 1147 1838 ‘Quid
1180 1788 1256 1843 tu',
1286 1789 1442 1842 inquit,
1475 1789 1609 1830 ‘miles
1649 1783 1658 1844 ἷ-

275 1853 387 1895 tiro?
443 1852 547 1892 Tam
579 1853 790 1893 feroculus
824 1853 896 1894 es‘?
950 1853 1039 1895 Vos
1073 1867 1238 1907 quoque
1270 1853 1350 1894 iste
1380 1853 1520 1894 verbis
1551 1854 1610 1894 in·
1648 1853 1650 1856 ’

275 1916 483 1959 fatuavit?
544 1915 593 1957 In
631 1931 827 1971 magnam
866 1917 1102 1959 mehercule
1142 1932 1218 1959 vos
1261 1917 1495 1971 periculum
1537 1917 1611 1959 im-

276 1982 396 2036 pulit.
446 1980 649 2021 Misereor
673 1982 832 2022 vestri?
879 1982 989 2023 Tum
1014 1981 1148 2036 miles,
1176 1981 1232 2024 ‘N
1235 1996 1289 2022 on
1316 1982 1437 2035 sum',
1462 1982 1612 2036 inquit,

278 2047 393 2100 etiro,
441 2040 642 2099 Labiene,
692 2046 765 2086 sed
809 2046 857 2086 de
900 2046 1066 2100 legione
1109 2058 1141 2087 X
1183 2047 1432 2087 veteranus.³
1504 2046 1613 2087 Tum
1661 2070 1664 2075 -

277 2111 501 2164 Labienus,
534 2109 646 2151 ‘Non
673 2110 882 2164 agnosco’,
914 2110 1064 2163 inquit,
1098 2110 1235 2164 csigna
1261 2109 1613 2151 decumanorum.'

278 2175 386 2216 Tum
419 2175 478 2215 ait
509 2174 646 2215 miles:
686 2173 790 2214 ‘Iam
822 2189 905 2228 me,
939 2174 1033 2228 quis
1066 2175 1164 2228 sim,
1202 2174 1450 2229 intelleges'3
1488 2174 1614 2216 simul
1664 2188 1669 2216 ῑ

279 2239 481 2281 cassidem
514 2238 563 2279 de
596 2238 730 2292 capite
770 2238 937 2292 deiecit,
974 2240 1022 2278 ut
1061 2238 1258 2292 cognosci
1297 2238 1348 2278 ab
1382 2253 1429 2279 eo
1460 2241 1614 2293 posset,
1666 2235 1669 2241 “

280 2307 404 2357 atque
437 2304 496 2344 ita
527 2302 661 2358 pilum
693 2303 854 2344 viribus
888 2304 1141 2357 contortum,
1174 2302 1273 2343 dum
1306 2302 1349 2343 in
1379 2302 1614 2345 Labienum
1666 2337 1669 2340 Α
