<?xml version="1.0" encoding="UTF-8"?>
<!DOCTYPE html PUBLIC "-//W3C//DTD XHTML 1.0 Transitional//EN"
    "http://www.w3.org/TR/xhtml1/DTD/xhtml1-transitional.dtd">
<html xmlns="http://www.w3.org/1999/xhtml" xml:lang="en" lang="en">
 <head>
  <title>
</title>
<meta http-equiv="Content-Type" content="text/html;charset=utf-8" />
  <meta name='ocr-system' content='tesseract 3.04.00' />
  <meta name='ocr-capabilities' content='ocr_page ocr_carea ocr_par ocr_line ocrx_word'/>
</head>
<body>
  <div class='ocr_page' id='page_1' title='image "./commentarii03caesuoft_0115.png"; bbox 0 0 1638 2600; ppageno 0'>
   <div class='ocr_carea' id='block_1_1' title="bbox 478 97 1377 138">
    <p class='ocr_par' dir='ltr' id='par_1_1' title="bbox 478 97 1377 138">
     <span class='ocr_line' id='line_1_1' title="bbox 478 97 1377 138; baseline -0.006 -2"><span class='ocrx_word' id='word_1_1' title='bbox 478 101 577 136; x_wconf 84' lang='lat' dir='ltr'><strong>CAP.</strong></span> <span class='ocrx_word' id='word_1_2' title='bbox 604 99 928 135; x_wconf 84' lang='grc' dir='ltr'>ΧΧΧΙ-ΧΧΧΠΙ,</span> <span class='ocrx_word' id='word_1_3' title='bbox 1324 97 1377 138; x_wconf 77' lang='grc'><strong>67</strong></span> 
     </span>
    </p>
   </div>
   <div class='ocr_carea' id='block_1_2' title="bbox 0 193 1435 2317">
    <p class='ocr_par' dir='ltr' id='par_1_2' title="bbox 0 193 1435 2317">
     <span class='ocr_line' id='line_1_2' title="bbox 55 193 1387 243; baseline -0.006 -2"><span class='ocrx_word' id='word_1_4' title='bbox 55 200 164 243; x_wconf 90' lang='lat' dir='ltr'><strong>citus</strong></span> <span class='ocrx_word' id='word_1_5' title='bbox 190 197 380 240; x_wconf 85' lang='lat' dir='ltr'>Caesaris</span> <span class='ocrx_word' id='word_1_6' title='bbox 406 198 509 239; x_wconf 86' lang='lat' dir='ltr'><strong>facit</strong></span> <span class='ocrx_word' id='word_1_7' title='bbox 532 197 661 239; x_wconf 83' lang='lat' dir='ltr'><strong>verba</strong></span> <span class='ocrx_word' id='word_1_8' title='bbox 692 198 734 237; x_wconf 92' lang='lat' dir='ltr'><strong>et</strong></span> <span class='ocrx_word' id='word_1_9' title='bbox 765 195 1011 238; x_wconf 74' lang='lat' dir='ltr'><strong>cohortatus</strong></span> <span class='ocrx_word' id='word_1_10' title='bbox 1043 208 1142 235; x_wconf 88' lang='lat' dir='ltr'><strong>suos</strong></span> <span class='ocrx_word' id='word_1_11' title='bbox 1166 193 1387 235; x_wconf 85' lang='lat' dir='ltr'><strong>victoriam</strong></span> 
     </span>
     <span class='ocr_line' id='line_1_3' title="bbox 54 256 1432 320; baseline -0.006 -15"><span class='ocrx_word' id='word_1_12' title='bbox 54 263 267 320; x_wconf 86' lang='lat' dir='ltr'><strong>propriam</strong></span> <span class='ocrx_word' id='word_1_13' title='bbox 288 277 331 304; x_wconf 92' lang='lat' dir='ltr'><strong>se</strong></span> <span class='ocrx_word' id='word_1_14' title='bbox 352 263 412 303; x_wconf 92' lang='lat' dir='ltr'><strong>eis</strong></span> <span class='ocrx_word' id='word_1_15' title='bbox 438 262 555 303; x_wconf 82' lang='lat' dir='ltr'><strong>brevi</strong></span> <span class='ocrx_word' id='word_1_16' title='bbox 580 262 776 302; x_wconf 88' lang='lat' dir='ltr'><strong>daturum</strong></span> <span class='ocrx_word' id='word_1_17' title='bbox 802 260 1037 314; x_wconf 91' lang='lat' dir='ltr'><strong>pollicetur.</strong></span> <span class='ocrx_word' id='word_1_18' title='bbox 1095 256 1246 299; x_wconf 89' lang='lat' dir='ltr'><strong>Caesar</strong></span> <span class='ocrx_word' id='word_1_19' title='bbox 1270 257 1387 298; x_wconf 91' lang='lat' dir='ltr'><strong>iubet</strong></span> <span class='ocrx_word' id='word_1_20' title='bbox 1413 268 1432 297; x_wconf 72' lang='lat'><strong>⁵:</strong></span> 
     </span>
     <span class='ocr_line' id='line_1_4' title="bbox 55 321 1387 381; baseline -0.006 -12"><span class='ocrx_word' id='word_1_21' title='bbox 55 328 211 371; x_wconf 78' lang='lat' dir='ltr'><strong>milites</strong></span> <span class='ocrx_word' id='word_1_22' title='bbox 249 341 395 368; x_wconf 89' lang='lat' dir='ltr'><strong>rursus</strong></span> <span class='ocrx_word' id='word_1_23' title='bbox 434 326 486 367; x_wconf 90' lang='lat' dir='ltr'><strong>ad</strong></span> <span class='ocrx_word' id='word_1_24' title='bbox 531 340 637 381; x_wconf 90' lang='lat' dir='ltr'><strong>opus</strong></span> <span class='ocrx_word' id='word_1_25' title='bbox 672 325 807 366; x_wconf 91' lang='lat' dir='ltr'><strong>redire</strong></span> <span class='ocrx_word' id='word_1_26' title='bbox 838 327 880 365; x_wconf 92' lang='lat' dir='ltr'><strong>et</strong></span> <span class='ocrx_word' id='word_1_27' title='bbox 915 338 990 378; x_wconf 88' lang='lat' dir='ltr'><strong>per</strong></span> <span class='ocrx_word' id='word_1_28' title='bbox 1020 336 1188 364; x_wconf 89' lang='lat' dir='ltr'><strong>causam</strong></span> <span class='ocrx_word' id='word_1_29' title='bbox 1218 321 1387 362; x_wconf 89' lang='lat' dir='ltr'><strong>muniti-</strong></span> 
     </span>
     <span class='ocr_line' id='line_1_5' title="bbox 56 386 1387 443; baseline -0.005 -10"><span class='ocrx_word' id='word_1_30' title='bbox 56 406 181 434; x_wconf 89' lang='lat' dir='ltr'><strong>onum</strong></span> <span class='ocrx_word' id='word_1_31' title='bbox 224 392 383 433; x_wconf 91' lang='lat' dir='ltr'><strong>tirones</strong></span> <span class='ocrx_word' id='word_1_32' title='bbox 432 392 476 431; x_wconf 89' lang='lat' dir='ltr'><strong>in</strong></span> <span class='ocrx_word' id='word_1_33' title='bbox 525 391 675 432; x_wconf 88' lang='lat' dir='ltr'><strong>labore</strong></span> <span class='ocrx_word' id='word_1_34' title='bbox 722 388 951 443; x_wconf 71' lang='lat' dir='ltr'><strong>defatigare</strong></span> <span class='ocrx_word' id='word_1_35' title='bbox 1000 401 1085 428; x_wconf 91' lang='lat' dir='ltr'><strong>non</strong></span> <span class='ocrx_word' id='word_1_36' title='bbox 1133 386 1387 428; x_wconf 71' lang='lat' dir='ltr'><strong>intermittit.</strong></span> 
     </span>
     <span class='ocr_line' id='line_1_6' title="bbox 53 449 1434 508; baseline -0.004 -11"><span class='ocrx_word' id='word_1_37' title='bbox 53 454 226 498; x_wconf 87' lang='lat' dir='ltr'><strong>Interim</strong></span> <span class='ocrx_word' id='word_1_38' title='bbox 251 454 461 497; x_wconf 85' lang='lat' dir='ltr'><strong>Numidae</strong></span> <span class='ocrx_word' id='word_1_39' title='bbox 483 453 727 508; x_wconf 78' lang='lat' dir='ltr'><strong>Gaetulique</strong></span> <span class='ocrx_word' id='word_1_40' title='bbox 756 453 960 506; x_wconf 80' lang='lat' dir='ltr'><strong>diffugere</strong></span> <span class='ocrx_word' id='word_1_41' title='bbox 987 451 1141 493; x_wconf 83' lang='lat' dir='ltr'><strong>cotidie</strong></span> <span class='ocrx_word' id='word_1_42' title='bbox 1167 466 1219 492; x_wconf 85' lang='lat' dir='ltr'><strong>ex</strong></span> <span class='ocrx_word' id='word_1_43' title='bbox 1239 449 1387 492; x_wconf 90' lang='lat' dir='ltr'><strong>castris</strong></span> <span class='ocrx_word' id='word_1_44' title='bbox 1414 462 1434 492; x_wconf 88' lang='lat'><strong>3</strong></span> 
     </span>
     <span class='ocr_line' id='line_1_7' title="bbox 57 515 1389 574; baseline -0.005 -12"><span class='ocrx_word' id='word_1_45' title='bbox 57 519 264 574; x_wconf 86' lang='lat' dir='ltr'><strong>Scipionis</strong></span> <span class='ocrx_word' id='word_1_46' title='bbox 305 522 348 561; x_wconf 92' lang='lat' dir='ltr'><strong>et</strong></span> <span class='ocrx_word' id='word_1_47' title='bbox 387 520 543 574; x_wconf 89' lang='lat' dir='ltr'><strong>partim</strong></span> <span class='ocrx_word' id='word_1_48' title='bbox 583 519 627 560; x_wconf 91' lang='lat' dir='ltr'><strong>in</strong></span> <span class='ocrx_word' id='word_1_49' title='bbox 667 531 847 573; x_wconf 85' lang='lat' dir='ltr'><strong>regnum</strong></span> <span class='ocrx_word' id='word_1_50' title='bbox 889 531 933 557; x_wconf 95' lang='lat' dir='ltr'><strong>se</strong></span> <span class='ocrx_word' id='word_1_51' title='bbox 973 516 1178 569; x_wconf 88' lang='lat' dir='ltr'><strong>conferre,</strong></span> <span class='ocrx_word' id='word_1_52' title='bbox 1221 515 1389 570; x_wconf 83' lang='lat' dir='ltr'><strong>partim,</strong></span> 
     </span>
     <span class='ocr_line' id='line_1_8' title="bbox 56 578 1389 640; baseline -0.005 -14"><span class='ocrx_word' id='word_1_53' title='bbox 56 585 166 640; x_wconf 90' lang='lat' dir='ltr'><strong>quod</strong></span> <span class='ocrx_word' id='word_1_54' title='bbox 210 584 293 638; x_wconf 92' lang='lat' dir='ltr'><strong>ipsi</strong></span> <span class='ocrx_word' id='word_1_55' title='bbox 335 584 600 638; x_wconf 89' lang='lat' dir='ltr'><strong>maioresque</strong></span> <span class='ocrx_word' id='word_1_56' title='bbox 642 596 788 624; x_wconf 89' lang='lat' dir='ltr'><strong>eorum</strong></span> <span class='ocrx_word' id='word_1_57' title='bbox 832 580 1038 622; x_wconf 92' lang='lat' dir='ltr'><strong>beneficio</strong></span> <span class='ocrx_word' id='word_1_58' title='bbox 1080 578 1123 621; x_wconf 93' lang='lat' dir='ltr'><strong>C.</strong></span> <span class='ocrx_word' id='word_1_59' title='bbox 1154 579 1280 620; x_wconf 89' lang='lat' dir='ltr'><strong>Marii</strong></span> <span class='ocrx_word' id='word_1_60' title='bbox 1322 578 1389 620; x_wconf 89' lang='lat' dir='ltr'><strong>usi</strong></span> 
     </span>
     <span class='ocr_line' id='line_1_9' title="bbox 54 643 1390 702; baseline -0.005 -12"><span class='ocrx_word' id='word_1_61' title='bbox 54 649 233 692; x_wconf 89' lang='lat' dir='ltr'><strong>fuissent</strong></span> <span class='ocrx_word' id='word_1_62' title='bbox 264 647 569 702; x_wconf 86' lang='lat' dir='ltr'><strong>Caesaremque</strong></span> <span class='ocrx_word' id='word_1_63' title='bbox 601 647 691 689; x_wconf 91' lang='lat' dir='ltr'><strong>eius</strong></span> <span class='ocrx_word' id='word_1_64' title='bbox 723 645 904 687; x_wconf 89' lang='lat' dir='ltr'><strong>adfinem</strong></span> <span class='ocrx_word' id='word_1_65' title='bbox 942 658 1033 686; x_wconf 89' lang='lat' dir='ltr'><strong>esse</strong></span> <span class='ocrx_word' id='word_1_66' title='bbox 1072 643 1314 698; x_wconf 80' lang='lat' dir='ltr'><strong>audiebant,</strong></span> <span class='ocrx_word' id='word_1_67' title='bbox 1345 643 1390 684; x_wconf 93' lang='lat' dir='ltr'><strong>in</strong></span> 
     </span>
     <span class='ocr_line' id='line_1_10' title="bbox 55 708 1388 767; baseline -0.006 -12"><span class='ocrx_word' id='word_1_68' title='bbox 55 713 145 756; x_wconf 86' lang='lat' dir='ltr'><strong>eius</strong></span> <span class='ocrx_word' id='word_1_69' title='bbox 193 715 331 754; x_wconf 87' lang='lat' dir='ltr'><strong>castra</strong></span> <span class='ocrx_word' id='word_1_70' title='bbox 383 712 608 767; x_wconf 80' lang='lat' dir='ltr'><strong>perfugere</strong></span> <span class='ocrx_word' id='word_1_71' title='bbox 659 710 906 752; x_wconf 87' lang='lat' dir='ltr'><strong>catervatim</strong></span> <span class='ocrx_word' id='word_1_72' title='bbox 954 723 1040 750; x_wconf 90' lang='lat' dir='ltr'><strong>non</strong></span> <span class='ocrx_word' id='word_1_73' title='bbox 1088 708 1388 749; x_wconf 90' lang='lat' dir='ltr'><strong>intermittunt.</strong></span> 
     </span>
     <span class='ocr_line' id='line_1_11' title="bbox 56 772 1433 828; baseline -0.002 -10"><span class='ocrx_word' id='word_1_74' title='bbox 56 776 243 828; x_wconf 86' lang='lat' dir='ltr'><strong>Quorum</strong></span> <span class='ocrx_word' id='word_1_75' title='bbox 284 790 335 817; x_wconf 85' lang='lat' dir='ltr'><strong>ex</strong></span> <span class='ocrx_word' id='word_1_76' title='bbox 378 790 553 817; x_wconf 89' lang='lat' dir='ltr'><strong>numero</strong></span> <span class='ocrx_word' id='word_1_77' title='bbox 597 774 740 817; x_wconf 90' lang='lat' dir='ltr'><strong>electis</strong></span> <span class='ocrx_word' id='word_1_78' title='bbox 779 774 1024 816; x_wconf 90' lang='lat' dir='ltr'><strong>hominibus</strong></span> <span class='ocrx_word' id='word_1_79' title='bbox 1072 772 1388 814; x_wconf 85' lang='lat' dir='ltr'><strong>inlustrioribus</strong></span> <span class='ocrx_word' id='word_1_80' title='bbox 1414 786 1433 815; x_wconf 86' lang='grc'>4</span> 
     </span>
     <span class='ocr_line' id='line_1_12' title="bbox 56 837 1389 898; baseline -0.005 -15"><span class='ocrx_word' id='word_1_81' title='bbox 56 840 295 898; x_wconf 84' lang='lat' dir='ltr'><strong>[Gaetulos]</strong></span> <span class='ocrx_word' id='word_1_82' title='bbox 334 843 376 882; x_wconf 91' lang='lat' dir='ltr'><strong>et</strong></span> <span class='ocrx_word' id='word_1_83' title='bbox 411 840 567 882; x_wconf 87' lang='lat' dir='ltr'><strong>litteris</strong></span> <span class='ocrx_word' id='word_1_84' title='bbox 605 840 657 881; x_wconf 89' lang='lat' dir='ltr'><strong>ad</strong></span> <span class='ocrx_word' id='word_1_85' title='bbox 694 853 794 881; x_wconf 93' lang='lat' dir='ltr'><strong>suos</strong></span> <span class='ocrx_word' id='word_1_86' title='bbox 834 839 946 880; x_wconf 86' lang='lat' dir='ltr'><strong>cives</strong></span> <span class='ocrx_word' id='word_1_87' title='bbox 984 838 1093 879; x_wconf 88' lang='lat' dir='ltr'><strong>datis</strong></span> <span class='ocrx_word' id='word_1_88' title='bbox 1133 837 1389 891; x_wconf 80' lang='lat' dir='ltr'><strong>cohortatus,</strong></span> 
     </span>
     <span class='ocr_line' id='line_1_13' title="bbox 56 901 1389 959; baseline -0.005 -12"><span class='ocrx_word' id='word_1_89' title='bbox 56 906 119 948; x_wconf 91' lang='lat' dir='ltr'><strong>uti</strong></span> <span class='ocrx_word' id='word_1_90' title='bbox 148 919 276 946; x_wconf 90' lang='lat' dir='ltr'><strong>manu</strong></span> <span class='ocrx_word' id='word_1_91' title='bbox 307 904 421 946; x_wconf 87' lang='lat' dir='ltr'><strong>facta</strong></span> <span class='ocrx_word' id='word_1_92' title='bbox 451 919 495 946; x_wconf 92' lang='lat' dir='ltr'><strong>se</strong></span> <span class='ocrx_word' id='word_1_93' title='bbox 527 918 709 959; x_wconf 91' lang='lat' dir='ltr'><strong>suosque</strong></span> <span class='ocrx_word' id='word_1_94' title='bbox 736 903 1018 957; x_wconf 81' lang='lat' dir='ltr'><strong>defenderent,</strong></span> <span class='ocrx_word' id='word_1_95' title='bbox 1047 917 1101 944; x_wconf 90' lang='lat' dir='ltr'><strong>ne</strong></span> <span class='ocrx_word' id='word_1_96' title='bbox 1131 902 1220 943; x_wconf 88' lang='lat' dir='ltr'><strong>suis</strong></span> <span class='ocrx_word' id='word_1_97' title='bbox 1252 901 1389 942; x_wconf 89' lang='lat' dir='ltr'><strong>inimi·</strong></span> 
     </span>
     <span class='ocr_line' id='line_1_14' title="bbox 57 967 1242 1023; baseline -0.003 -11"><span class='ocrx_word' id='word_1_98' title='bbox 57 971 115 1013; x_wconf 91' lang='lat' dir='ltr'><strong>cis</strong></span> <span class='ocrx_word' id='word_1_99' title='bbox 147 969 482 1023; x_wconf 83' lang='lat' dir='ltr'><strong>adversariisque</strong></span> <span class='ocrx_word' id='word_1_100' title='bbox 515 968 627 1010; x_wconf 89' lang='lat' dir='ltr'><strong>dicto</strong></span> <span class='ocrx_word' id='word_1_101' title='bbox 660 968 875 1010; x_wconf 84' lang='lat' dir='ltr'><strong>audientes</strong></span> <span class='ocrx_word' id='word_1_102' title='bbox 907 970 1066 1021; x_wconf 92' lang='lat' dir='ltr'><strong>essent,</strong></span> <span class='ocrx_word' id='word_1_103' title='bbox 1096 967 1242 1008; x_wconf 87' lang='lat' dir='ltr'><strong>mittit.</strong></span> 
     </span>
     <span class='ocr_line' id='line_1_15' title="bbox 141 1030 1433 1087; baseline -0.005 -12"><span class='ocrx_word' id='word_1_104' title='bbox 141 1032 339 1076; x_wconf 83' lang='lat' dir='ltr'>XXXIII.</span> <span class='ocrx_word' id='word_1_105' title='bbox 394 1033 509 1074; x_wconf 91' lang='lat' dir='ltr'><strong>Dum</strong></span> <span class='ocrx_word' id='word_1_106' title='bbox 539 1033 644 1075; x_wconf 88' lang='lat' dir='ltr'><strong>haec</strong></span> <span class='ocrx_word' id='word_1_107' title='bbox 675 1033 727 1074; x_wconf 90' lang='lat' dir='ltr'><strong>ad</strong></span> <span class='ocrx_word' id='word_1_108' title='bbox 756 1032 995 1087; x_wconf 87' lang='lat' dir='ltr'><strong>Ruspinam</strong></span> <span class='ocrx_word' id='word_1_109' title='bbox 1025 1031 1148 1085; x_wconf 87' lang='lat' dir='ltr'><strong>fiunt,</strong></span> <span class='ocrx_word' id='word_1_110' title='bbox 1175 1030 1306 1085; x_wconf 82' lang='lat' dir='ltr'><strong>legati</strong></span> <span class='ocrx_word' id='word_1_111' title='bbox 1337 1044 1389 1071; x_wconf 82' lang='lat' dir='ltr'><strong>ex</strong></span> <span class='ocrx_word' id='word_1_112' title='bbox 1416 1047 1433 1074; x_wconf 85' lang='lat'>1</span> 
     </span>
     <span class='ocr_line' id='line_1_16' title="bbox 56 1095 1390 1155; baseline -0.005 -13"><span class='ocrx_word' id='word_1_113' title='bbox 56 1099 217 1155; x_wconf 79' lang='lat' dir='ltr'><strong>Acylla,</strong></span> <span class='ocrx_word' id='word_1_114' title='bbox 249 1098 420 1140; x_wconf 89' lang='lat' dir='ltr'><strong>civitate</strong></span> <span class='ocrx_word' id='word_1_115' title='bbox 445 1097 580 1139; x_wconf 89' lang='lat' dir='ltr'><strong>libera</strong></span> <span class='ocrx_word' id='word_1_116' title='bbox 604 1100 647 1139; x_wconf 90' lang='lat' dir='ltr'><strong>et</strong></span> <span class='ocrx_word' id='word_1_117' title='bbox 672 1098 865 1152; x_wconf 90' lang='lat' dir='ltr'><strong>immuni,</strong></span> <span class='ocrx_word' id='word_1_118' title='bbox 894 1097 946 1138; x_wconf 88' lang='lat' dir='ltr'><strong>ad</strong></span> <span class='ocrx_word' id='word_1_119' title='bbox 971 1095 1190 1138; x_wconf 87' lang='lat' dir='ltr'><strong>Caesarem</strong></span> <span class='ocrx_word' id='word_1_120' title='bbox 1213 1095 1390 1136; x_wconf 84' lang='lat' dir='ltr'><strong>veniunt</strong></span> 
     </span>
     <span class='ocr_line' id='line_1_17' title="bbox 57 1159 1389 1220; baseline -0.005 -13"><span class='ocrx_word' id='word_1_121' title='bbox 57 1179 182 1220; x_wconf 90' lang='lat' dir='ltr'><strong>seque</strong></span> <span class='ocrx_word' id='word_1_122' title='bbox 213 1165 395 1218; x_wconf 87' lang='lat' dir='ltr'><strong>paratos,</strong></span> <span class='ocrx_word' id='word_1_123' title='bbox 432 1176 721 1217; x_wconf 88' lang='lat' dir='ltr'><strong>quaecumque</strong></span> <span class='ocrx_word' id='word_1_124' title='bbox 751 1162 1018 1217; x_wconf 86' lang='lat' dir='ltr'><strong>imperasset,</strong></span> <span class='ocrx_word' id='word_1_125' title='bbox 1049 1163 1092 1202; x_wconf 92' lang='lat' dir='ltr'><strong>et</strong></span> <span class='ocrx_word' id='word_1_126' title='bbox 1120 1159 1273 1201; x_wconf 87' lang='lat' dir='ltr'><strong>libenti</strong></span> <span class='ocrx_word' id='word_1_127' title='bbox 1305 1159 1389 1200; x_wconf 89' lang='lat' dir='ltr'><strong>ani-</strong></span> 
     </span>
     <span class='ocr_line' id='line_1_18' title="bbox 55 1224 1390 1282; baseline -0.004 -11"><span class='ocrx_word' id='word_1_128' title='bbox 55 1244 124 1272; x_wconf 93' lang='lat' dir='ltr'><strong>mo</strong></span> <span class='ocrx_word' id='word_1_129' title='bbox 154 1229 342 1270; x_wconf 88' lang='lat' dir='ltr'><strong>facturos</strong></span> <span class='ocrx_word' id='word_1_130' title='bbox 373 1226 648 1282; x_wconf 77' lang='lat' dir='ltr'><strong>polheentur3</strong></span> <span class='ocrx_word' id='word_1_131' title='bbox 678 1229 845 1268; x_wconf 88' lang='lat' dir='ltr'><strong>tantum</strong></span> <span class='ocrx_word' id='word_1_132' title='bbox 871 1241 990 1268; x_wconf 89' lang='lat' dir='ltr'><strong>orare</strong></span> <span class='ocrx_word' id='word_1_133' title='bbox 1016 1227 1058 1266; x_wconf 93' lang='lat' dir='ltr'><strong>et</strong></span> <span class='ocrx_word' id='word_1_134' title='bbox 1081 1226 1224 1280; x_wconf 90' lang='lat' dir='ltr'><strong>petere</strong></span> <span class='ocrx_word' id='word_1_135' title='bbox 1250 1224 1302 1264; x_wconf 89' lang='lat' dir='ltr'><strong>ab</strong></span> <span class='ocrx_word' id='word_1_136' title='bbox 1328 1238 1390 1278; x_wconf 89' lang='lat' dir='ltr'><strong>eo,</strong></span> 
     </span>
     <span class='ocr_line' id='line_1_19' title="bbox 56 1289 1389 1346; baseline -0.005 -11"><span class='ocrx_word' id='word_1_137' title='bbox 56 1294 120 1336; x_wconf 91' lang='lat' dir='ltr'><strong>uti</strong></span> <span class='ocrx_word' id='word_1_138' title='bbox 150 1292 232 1334; x_wconf 90' lang='lat' dir='ltr'><strong>sibi</strong></span> <span class='ocrx_word' id='word_1_139' title='bbox 262 1290 521 1346; x_wconf 87' lang='lat' dir='ltr'><strong>praesidium</strong></span> <span class='ocrx_word' id='word_1_140' title='bbox 554 1290 688 1345; x_wconf 90' lang='lat' dir='ltr'><strong>daret,</strong></span> <span class='ocrx_word' id='word_1_141' title='bbox 726 1305 809 1345; x_wconf 91' lang='lat' dir='ltr'><strong>quo</strong></span> <span class='ocrx_word' id='word_1_142' title='bbox 846 1291 982 1332; x_wconf 89' lang='lat' dir='ltr'><strong>tutius</strong></span> <span class='ocrx_word' id='word_1_143' title='bbox 1013 1289 1058 1331; x_wconf 89' lang='lat' dir='ltr'><strong>id</strong></span> <span class='ocrx_word' id='word_1_144' title='bbox 1088 1292 1131 1331; x_wconf 90' lang='lat' dir='ltr'><strong>et</strong></span> <span class='ocrx_word' id='word_1_145' title='bbox 1161 1289 1251 1330; x_wconf 90' lang='lat' dir='ltr'><strong>sine</strong></span> <span class='ocrx_word' id='word_1_146' title='bbox 1282 1289 1389 1343; x_wconf 92' lang='lat' dir='ltr'><strong>peri-</strong></span> 
     </span>
     <span class='ocr_line' id='line_1_20' title="bbox 58 1355 1389 1411; baseline -0.005 -10"><span class='ocrx_word' id='word_1_147' title='bbox 58 1358 149 1402; x_wconf 89' lang='lat' dir='ltr'><strong>culo</strong></span> <span class='ocrx_word' id='word_1_148' title='bbox 180 1358 316 1399; x_wconf 89' lang='lat' dir='ltr'><strong>facere</strong></span> <span class='ocrx_word' id='word_1_149' title='bbox 347 1358 542 1411; x_wconf 82' lang='lat' dir='ltr'><strong>possent3</strong></span> <span class='ocrx_word' id='word_1_150' title='bbox 574 1370 618 1397; x_wconf 91' lang='lat' dir='ltr'><strong>se</strong></span> <span class='ocrx_word' id='word_1_151' title='bbox 649 1358 692 1396; x_wconf 92' lang='lat' dir='ltr'><strong>et</strong></span> <span class='ocrx_word' id='word_1_152' title='bbox 722 1355 984 1396; x_wconf 88' lang='lat' dir='ltr'><strong>frumentum</strong></span> <span class='ocrx_word' id='word_1_153' title='bbox 1016 1356 1069 1408; x_wconf 93' lang='lat' dir='ltr'><strong>et,</strong></span> <span class='ocrx_word' id='word_1_154' title='bbox 1101 1367 1389 1408; x_wconf 88' lang='lat' dir='ltr'><strong>quaecumque</strong></span> 
     </span>
     <span class='ocr_line' id='line_1_21' title="bbox 56 1410 1389 1477; baseline -0.006 -11"><span class='ocrx_word' id='word_1_155' title='bbox 56 1439 121 1466; x_wconf 90' lang='lat' dir='ltr'><strong>res</strong></span> <span class='ocrx_word' id='word_1_156' title='bbox 158 1423 218 1465; x_wconf 89' lang='lat' dir='ltr'><strong>eis</strong></span> <span class='ocrx_word' id='word_1_157' title='bbox 255 1424 516 1477; x_wconf 87' lang='lat' dir='ltr'><strong>suppeteret,</strong></span> <span class='ocrx_word' id='word_1_158' title='bbox 558 1410 981 1461; x_wconf 77' lang='lat' dir='ltr'><strong>communis&#39;salutis</strong></span> <span class='ocrx_word' id='word_1_159' title='bbox 1019 1418 1157 1473; x_wconf 84' lang='lat' dir='ltr'><strong>gratia</strong></span> <span class='ocrx_word' id='word_1_160' title='bbox 1187 1418 1389 1459; x_wconf 86' lang='lat' dir='ltr'><strong>submini-</strong></span> 
     </span>
     <span class='ocr_line' id='line_1_22' title="bbox 58 1482 1433 1537; baseline -0.003 -7"><span class='ocrx_word' id='word_1_161' title='bbox 58 1491 272 1530; x_wconf 86' lang='lat' dir='ltr'><strong>straturos.</strong></span> <span class='ocrx_word' id='word_1_162' title='bbox 336 1484 499 1535; x_wconf 87' lang='lat' dir='ltr'><strong>Quibus</strong></span> <span class='ocrx_word' id='word_1_163' title='bbox 541 1484 667 1526; x_wconf 87' lang='lat' dir='ltr'><strong>rebus</strong></span> <span class='ocrx_word' id='word_1_164' title='bbox 709 1484 833 1526; x_wconf 87' lang='lat' dir='ltr'><strong>facile</strong></span> <span class='ocrx_word' id='word_1_165' title='bbox 872 1499 895 1526; x_wconf 91' lang='lat' dir='ltr'><strong>a</strong></span> <span class='ocrx_word' id='word_1_166' title='bbox 933 1482 1108 1525; x_wconf 87' lang='lat' dir='ltr'><strong>Caesare</strong></span> <span class='ocrx_word' id='word_1_167' title='bbox 1149 1482 1387 1537; x_wconf 88' lang='lat' dir='ltr'><strong>impetratis</strong></span> <span class='ocrx_word' id='word_1_168' title='bbox 1415 1498 1433 1526; x_wconf 74' lang='lat'><strong>2</strong></span> 
     </span>
     <span class='ocr_line' id='line_1_23' title="bbox 57 1548 1388 1609; baseline -0.005 -14"><span class='ocrx_word' id='word_1_169' title='bbox 57 1552 346 1609; x_wconf 87' lang='lat' dir='ltr'><strong>praesidioque</strong></span> <span class='ocrx_word' id='word_1_170' title='bbox 373 1550 482 1605; x_wconf 91' lang='lat' dir='ltr'><strong>dato,</strong></span> <span class='ocrx_word' id='word_1_171' title='bbox 514 1548 557 1591; x_wconf 90' lang='lat' dir='ltr'><strong>C.</strong></span> <span class='ocrx_word' id='word_1_172' title='bbox 581 1548 806 1604; x_wconf 89' lang='lat' dir='ltr'><strong>Messium,</strong></span> <span class='ocrx_word' id='word_1_173' title='bbox 838 1548 1031 1590; x_wconf 88' lang='lat' dir='ltr'><strong>aedilicia</strong></span> <span class='ocrx_word' id='word_1_174' title='bbox 1054 1548 1247 1589; x_wconf 85' lang='lat' dir='ltr'><strong>functum</strong></span> <span class='ocrx_word' id='word_1_175' title='bbox 1273 1550 1388 1602; x_wconf 92' lang='lat' dir='ltr'><strong>pote-</strong></span> 
     </span>
     <span class='ocr_line' id='line_1_24' title="bbox 58 1612 1434 1672; baseline -0.005 -12"><span class='ocrx_word' id='word_1_176' title='bbox 58 1620 176 1672; x_wconf 88' lang='lat' dir='ltr'><strong>state,</strong></span> <span class='ocrx_word' id='word_1_177' title='bbox 205 1615 401 1670; x_wconf 81' lang='lat' dir='ltr'><strong>Acyllam</strong></span> <span class='ocrx_word' id='word_1_178' title='bbox 427 1614 546 1655; x_wconf 91' lang='lat' dir='ltr'><strong>iubet</strong></span> <span class='ocrx_word' id='word_1_179' title='bbox 575 1614 799 1668; x_wconf 89' lang='lat' dir='ltr'><strong>proficisci.</strong></span> <span class='ocrx_word' id='word_1_180' title='bbox 861 1612 1025 1662; x_wconf 86' lang='lat' dir='ltr'><strong>Quibus</strong></span> <span class='ocrx_word' id='word_1_181' title='bbox 1055 1613 1181 1654; x_wconf 86' lang='lat' dir='ltr'><strong>rebus</strong></span> <span class='ocrx_word' id='word_1_182' title='bbox 1207 1612 1388 1667; x_wconf 83' lang='lat' dir='ltr'><strong>cognitis</strong></span> <span class='ocrx_word' id='word_1_183' title='bbox 1415 1627 1434 1657; x_wconf 88' lang='lat'><strong>3</strong></span> 
     </span>
     <span class='ocr_line' id='line_1_25' title="bbox 60 1676 1389 1733; baseline -0.005 -9"><span class='ocrx_word' id='word_1_184' title='bbox 60 1681 280 1724; x_wconf 85' lang='lat' dir='ltr'><strong>Considius</strong></span> <span class='ocrx_word' id='word_1_185' title='bbox 303 1679 495 1733; x_wconf 80' lang='lat' dir='ltr'><strong>Longus,</strong></span> <span class='ocrx_word' id='word_1_186' title='bbox 528 1679 601 1733; x_wconf 91' lang='lat' dir='ltr'><strong>qui</strong></span> <span class='ocrx_word' id='word_1_187' title='bbox 624 1677 879 1720; x_wconf 87' lang='lat' dir='ltr'><strong>Hadrumeti</strong></span> <span class='ocrx_word' id='word_1_188' title='bbox 905 1692 1002 1719; x_wconf 90' lang='lat' dir='ltr'><strong>cum</strong></span> <span class='ocrx_word' id='word_1_189' title='bbox 1028 1676 1189 1718; x_wconf 89' lang='lat' dir='ltr'><strong>duabus</strong></span> <span class='ocrx_word' id='word_1_190' title='bbox 1213 1676 1389 1732; x_wconf 81' lang='lat' dir='ltr'><strong>legioni-</strong></span> 
     </span>
     <span class='ocr_line' id='line_1_26' title="bbox 57 1740 1389 1800; baseline -0.005 -12"><span class='ocrx_word' id='word_1_191' title='bbox 57 1747 134 1789; x_wconf 92' lang='lat' dir='ltr'><strong>bus</strong></span> <span class='ocrx_word' id='word_1_192' title='bbox 184 1749 225 1787; x_wconf 89' lang='lat' dir='ltr'><strong>et</strong></span> <span class='ocrx_word' id='word_1_193' title='bbox 273 1744 489 1800; x_wconf 88' lang='lat' dir='ltr'><strong>equitibus</strong></span> <span class='ocrx_word' id='word_1_194' title='bbox 531 1754 621 1785; x_wconf 84' lang='lat' dir='ltr'><strong>DCC</strong></span> <span class='ocrx_word' id='word_1_195' title='bbox 664 1744 873 1797; x_wconf 83' lang='lat' dir='ltr'><strong>praeerat,</strong></span> <span class='ocrx_word' id='word_1_196' title='bbox 923 1741 1113 1783; x_wconf 89' lang='lat' dir='ltr'><strong>celeriter</strong></span> <span class='ocrx_word' id='word_1_197' title='bbox 1161 1740 1221 1781; x_wconf 91' lang='lat' dir='ltr'><strong>ibi</strong></span> <span class='ocrx_word' id='word_1_198' title='bbox 1269 1743 1389 1794; x_wconf 84' lang='lat' dir='ltr'><strong>parte</strong></span> 
     </span>
     <span class='ocr_line' id='line_1_27' title="bbox 58 1804 1389 1867; baseline -0.005 -14"><span class='ocrx_word' id='word_1_199' title='bbox 58 1810 253 1867; x_wconf 88' lang='lat' dir='ltr'><strong>praesidii</strong></span> <span class='ocrx_word' id='word_1_200' title='bbox 289 1810 438 1851; x_wconf 91' lang='lat' dir='ltr'><strong>relicta</strong></span> <span class='ocrx_word' id='word_1_201' title='bbox 475 1823 570 1850; x_wconf 89' lang='lat' dir='ltr'><strong>cum</strong></span> <span class='ocrx_word' id='word_1_202' title='bbox 603 1819 686 1849; x_wconf 85' lang='lat' dir='ltr'>v111</span> <span class='ocrx_word' id='word_1_203' title='bbox 723 1806 969 1848; x_wconf 89' lang='lat' dir='ltr'><strong>cohortibus</strong></span> <span class='ocrx_word' id='word_1_204' title='bbox 1008 1805 1060 1846; x_wconf 89' lang='lat' dir='ltr'><strong>ad</strong></span> <span class='ocrx_word' id='word_1_205' title='bbox 1095 1804 1291 1859; x_wconf 83' lang='lat' dir='ltr'><strong>Acyllam</strong></span> <span class='ocrx_word' id='word_1_206' title='bbox 1328 1805 1389 1847; x_wconf 89' lang='lat' dir='ltr'><strong>ire</strong></span> 
     </span>
     <span class='ocr_line' id='line_1_28' title="bbox 60 1869 1435 1924; baseline -0.005 -7"><span class='ocrx_word' id='word_1_207' title='bbox 60 1875 282 1917; x_wconf 91' lang='lat' dir='ltr'><strong>contendit.</strong></span> <span class='ocrx_word' id='word_1_208' title='bbox 319 1873 502 1915; x_wconf 90' lang='lat' dir='ltr'><strong>Messius</strong></span> <span class='ocrx_word' id='word_1_209' title='bbox 528 1872 704 1914; x_wconf 90' lang='lat' dir='ltr'><strong>celerius</strong></span> <span class='ocrx_word' id='word_1_210' title='bbox 729 1872 880 1913; x_wconf 89' lang='lat' dir='ltr'><strong>itinere</strong></span> <span class='ocrx_word' id='word_1_211' title='bbox 906 1870 1096 1912; x_wconf 89' lang='lat' dir='ltr'><strong>confecto</strong></span> <span class='ocrx_word' id='word_1_212' title='bbox 1122 1870 1240 1924; x_wconf 89' lang='lat' dir='ltr'><strong>prior</strong></span> <span class='ocrx_word' id='word_1_213' title='bbox 1263 1869 1387 1924; x_wconf 90' lang='lat' dir='ltr'><strong>Acyl·</strong></span> <span class='ocrx_word' id='word_1_214' title='bbox 1414 1888 1435 1916; x_wconf 67' lang='lat'>4</span> 
     </span>
     <span class='ocr_line' id='line_1_29' title="bbox 60 1934 1434 1993; baseline -0.006 -11"><span class='ocrx_word' id='word_1_215' title='bbox 60 1939 141 1982; x_wconf 84' lang='lat' dir='ltr'><strong>lam</strong></span> <span class='ocrx_word' id='word_1_216' title='bbox 173 1955 267 1982; x_wconf 91' lang='lat' dir='ltr'><strong>cum</strong></span> <span class='ocrx_word' id='word_1_217' title='bbox 298 1939 543 1981; x_wconf 89' lang='lat' dir='ltr'><strong>cohortibus</strong></span> <span class='ocrx_word' id='word_1_218' title='bbox 573 1937 778 1993; x_wconf 84' lang='lat' dir='ltr'><strong>pervenit.</strong></span> <span class='ocrx_word' id='word_1_219' title='bbox 836 1934 1061 1977; x_wconf 91' lang='lat' dir='ltr'><strong>Considius</strong></span> <span class='ocrx_word' id='word_1_220' title='bbox 1091 1934 1262 1976; x_wconf 89' lang='lat' dir='ltr'><strong>interim</strong></span> <span class='ocrx_word' id='word_1_221' title='bbox 1294 1949 1389 1975; x_wconf 89' lang='lat' dir='ltr'><strong>cum</strong></span> <span class='ocrx_word' id='word_1_222' title='bbox 1415 1946 1434 1975; x_wconf 80' lang='lat'>5</span> 
     </span>
     <span class='ocr_line' id='line_1_30' title="bbox 61 1999 1389 2058; baseline -0.006 -11"><span class='ocrx_word' id='word_1_223' title='bbox 61 2005 111 2047; x_wconf 78' lang='lat' dir='ltr'><strong>ad</strong></span> <span class='ocrx_word' id='word_1_224' title='bbox 148 2005 295 2046; x_wconf 92' lang='lat' dir='ltr'><strong>urbem</strong></span> <span class='ocrx_word' id='word_1_225' title='bbox 335 2018 430 2045; x_wconf 91' lang='lat' dir='ltr'><strong>cum</strong></span> <span class='ocrx_word' id='word_1_226' title='bbox 471 2002 603 2058; x_wconf 90' lang='lat' dir='ltr'><strong>copiis</strong></span> <span class='ocrx_word' id='word_1_227' title='bbox 643 2001 888 2043; x_wconf 88' lang='lat' dir='ltr'><strong>accessisset</strong></span> <span class='ocrx_word' id='word_1_228' title='bbox 933 2003 976 2042; x_wconf 91' lang='lat' dir='ltr'><strong>et</strong></span> <span class='ocrx_word' id='word_1_229' title='bbox 1022 1999 1389 2041; x_wconf 84' lang='lat' dir='ltr'><strong>animadvertisset</strong></span> 
     </span>
     <span class='ocr_line' id='line_1_31' title="bbox 60 2064 1387 2124; baseline -0.005 -13"><span class='ocrx_word' id='word_1_230' title='bbox 60 2069 312 2124; x_wconf 88' lang='lat' dir='ltr'><strong>praesidium</strong></span> <span class='ocrx_word' id='word_1_231' title='bbox 339 2067 529 2110; x_wconf 88' lang='lat' dir='ltr'><strong>Caesaris</strong></span> <span class='ocrx_word' id='word_1_232' title='bbox 560 2067 621 2109; x_wconf 91' lang='lat' dir='ltr'><strong>ibi</strong></span> <span class='ocrx_word' id='word_1_233' title='bbox 652 2081 755 2121; x_wconf 88' lang='lat' dir='ltr'><strong>esse,</strong></span> <span class='ocrx_word' id='word_1_234' title='bbox 785 2080 872 2108; x_wconf 89' lang='lat' dir='ltr'><strong>non</strong></span> <span class='ocrx_word' id='word_1_235' title='bbox 904 2079 1031 2106; x_wconf 88' lang='lat' dir='ltr'><strong>ausus</strong></span> <span class='ocrx_word' id='word_1_236' title='bbox 1060 2064 1296 2119; x_wconf 87' lang='lat' dir='ltr'><strong>periculum</strong></span> <span class='ocrx_word' id='word_1_237' title='bbox 1322 2078 1387 2105; x_wconf 89' lang='lat' dir='ltr'><strong>su-</strong></span> 
     </span>
     <span class='ocr_line' id='line_1_32' title="bbox 0 2129 1389 2187; baseline -0.005 -12"><span class='ocrx_word' id='word_1_238' title='bbox 0 2147 1 2151; x_wconf 54' lang='lat'><em>*</em></span> <span class='ocrx_word' id='word_1_239' title='bbox 62 2146 179 2174; x_wconf 90' lang='lat' dir='ltr'><strong>orum</strong></span> <span class='ocrx_word' id='word_1_240' title='bbox 208 2133 344 2174; x_wconf 89' lang='lat' dir='ltr'><strong>facere</strong></span> <span class='ocrx_word' id='word_1_241' title='bbox 374 2131 493 2173; x_wconf 88' lang='lat' dir='ltr'><strong>nulla</strong></span> <span class='ocrx_word' id='word_1_242' title='bbox 522 2146 567 2173; x_wconf 89' lang='lat' dir='ltr'><strong>re</strong></span> <span class='ocrx_word' id='word_1_243' title='bbox 605 2134 724 2187; x_wconf 86' lang='lat' dir='ltr'><strong>gesta</strong></span> <span class='ocrx_word' id='word_1_244' title='bbox 754 2145 831 2186; x_wconf 92' lang='lat' dir='ltr'><strong>pro</strong></span> <span class='ocrx_word' id='word_1_245' title='bbox 862 2129 1136 2171; x_wconf 89' lang='lat' dir='ltr'><strong>multitudine</strong></span> <span class='ocrx_word' id='word_1_246' title='bbox 1166 2129 1389 2169; x_wconf 90' lang='lat' dir='ltr'><strong>hominum</strong></span> 
     </span>
     <span class='ocr_line' id='line_1_33' title="bbox 61 2193 1390 2250; baseline -0.005 -11"><span class='ocrx_word' id='word_1_247' title='bbox 61 2211 203 2239; x_wconf 91' lang='lat' dir='ltr'><strong>rursus</strong></span> <span class='ocrx_word' id='word_1_248' title='bbox 239 2212 283 2239; x_wconf 91' lang='lat' dir='ltr'><strong>se</strong></span> <span class='ocrx_word' id='word_1_249' title='bbox 319 2195 630 2238; x_wconf 85' lang='lat' dir='ltr'><strong>Hadrumetum</strong></span> <span class='ocrx_word' id='word_1_250' title='bbox 668 2196 845 2250; x_wconf 72' lang='lat' dir='ltr'><strong>recepit,</strong></span> <span class='ocrx_word' id='word_1_251' title='bbox 895 2194 1060 2248; x_wconf 90' lang='lat' dir='ltr'><strong>deinde,</strong></span> <span class='ocrx_word' id='word_1_252' title='bbox 1103 2193 1248 2248; x_wconf 89' lang='lat' dir='ltr'><strong>paucis</strong></span> <span class='ocrx_word' id='word_1_253' title='bbox 1291 2195 1390 2246; x_wconf 89' lang='lat' dir='ltr'><strong>post</strong></span> 
     </span>
     <span class='ocr_line' id='line_1_34' title="bbox 62 2258 1388 2317; baseline -0.004 -15"><span class='ocrx_word' id='word_1_254' title='bbox 62 2260 205 2304; x_wconf 90' lang='lat' dir='ltr'><strong>diebus</strong></span> <span class='ocrx_word' id='word_1_255' title='bbox 242 2261 507 2317; x_wconf 90' lang='lat' dir='ltr'><strong>equestribus</strong></span> <span class='ocrx_word' id='word_1_256' title='bbox 545 2260 677 2315; x_wconf 91' lang='lat' dir='ltr'><strong>copiis</strong></span> <span class='ocrx_word' id='word_1_257' title='bbox 715 2275 739 2301; x_wconf 89' lang='lat' dir='ltr'><strong>a</strong></span> <span class='ocrx_word' id='word_1_258' title='bbox 767 2259 954 2301; x_wconf 88' lang='lat' dir='ltr'><strong>Labieno</strong></span> <span class='ocrx_word' id='word_1_259' title='bbox 992 2258 1202 2311; x_wconf 89' lang='lat' dir='ltr'><strong>adductis,</strong></span> <span class='ocrx_word' id='word_1_260' title='bbox 1242 2271 1388 2298; x_wconf 90' lang='lat' dir='ltr'><strong>rursus</strong></span> 
     </span>
    </p>
   </div>
   <div class='ocr_carea' id='block_1_3' title="bbox 62 2323 1176 2424">
    <p class='ocr_par' dir='ltr' id='par_1_3' title="bbox 62 2323 1176 2424">
     <span class='ocr_line' id='line_1_35' title="bbox 62 2323 1087 2380; baseline -0.004 -14"><span class='ocrx_word' id='word_1_261' title='bbox 62 2323 322 2380; x_wconf 87' lang='lat' dir='ltr'><strong>Acyllitanos</strong></span> <span class='ocrx_word' id='word_1_262' title='bbox 354 2326 502 2367; x_wconf 88' lang='lat' dir='ltr'><strong>castris</strong></span> <span class='ocrx_word' id='word_1_263' title='bbox 533 2325 685 2379; x_wconf 88' lang='lat' dir='ltr'><strong>positis</strong></span> <span class='ocrx_word' id='word_1_264' title='bbox 718 2324 908 2366; x_wconf 90' lang='lat' dir='ltr'><strong>obsidere</strong></span> <span class='ocrx_word' id='word_1_265' title='bbox 940 2323 1087 2376; x_wconf 88' lang='lat' dir='ltr'><strong>coepit.</strong></span> 
     </span>
     <span class='ocr_line' id='line_1_36' title="bbox 1129 2391 1176 2424; baseline 0 -13"><span class='ocrx_word' id='word_1_266' title='bbox 1129 2391 1176 2424; x_wconf 77' lang='lat'><strong>5*</strong></span> 
     </span>
    </p>
   </div>
  </div>
 </body>
</html>
