1669 2574
198 902 218 932 (51

194 2254 215 2283 4

246 88 271 128 8
601 87 798 122 BELLUM
823 86 1223 122 ALEXANDRINUM.

246 183 357 238 sitis,
391 183 520 237 quod,
552 197 646 224 cum
677 182 847 236 longius
878 181 1004 235 paulo
1037 182 1286 237 discederet,
1317 182 1574 224 munitiones

244 248 403 289 nudare
439 248 620 288 nolebat.
683 245 871 300 Cumque
912 246 964 287 ad
1004 260 1099 287 eum
1138 246 1279 288 locum
1320 246 1574 301 accessisset,

246 313 318 366 qui
345 311 581 366 appellatur
601 309 928 364 Chersonensus,
954 311 1219 366 aquandique
1245 326 1369 354 causa
1393 311 1574 366 remiges

245 376 289 416 in
326 379 481 416 terram
520 374 802 429 exposuisset,
845 374 1038 415 nonnulli
1075 389 1127 416 ex
1164 390 1212 417 eo
1243 390 1436 430 numero,
1480 389 1574 416 cum

243 440 414 494 longius
446 454 470 480 a
500 439 678 481 navibus
711 439 957 493 praedatum
987 440 1310 494 processissent,
1342 440 1393 481 ab
1426 439 1574 494 equiti-

246 504 325 545 bus
357 504 545 545 hostium
581 506 682 545 sunt
713 504 887 558 excepti.
947 503 1016 544 Ex
1051 503 1120 545 his
1159 506 1447 558 cognoverunt
1478 502 1575 544 Cae-

246 582 380 609 sarem
424 568 564 622 ipsum
604 568 649 609 in
693 567 824 609 classe
860 567 1026 609 venisse
1069 582 1145 609 nec
1185 567 1295 609 ullos
1334 566 1493 608 milites
1531 567 1575 608 in

244 632 423 673 navibus
455 632 620 673 habere.
683 631 774 681 Qua
799 646 843 673 re
870 633 1083 685 comperta
1113 646 1311 687 magnam
1343 631 1425 673 sibi
1448 631 1575 673 facul-

244 700 376 738 tatem
389 695 623 738 Fortunam
644 696 848 737 obtulisse
868 696 973 737 bene
994 696 1199 751 gerendae
1219 696 1280 738 rei
1300 696 1576 738 crediderunt.

245 760 395 815 Itaque
426 775 554 803 naves
587 775 750 815 omnes,
782 775 886 814 quas
917 763 1085 814 paratas
1117 760 1351 802 habuerant
1382 760 1434 801 ad
1463 760 1576 802 navi-

245 826 448 881 gandum,
485 826 873 880 propugnatoribus
911 825 1204 867 instruxerunt
1236 824 1486 879 Caesarique
1516 839 1576 866 re-

247 891 392 932 deunti
425 905 518 932 cum
552 890 683 931 classe
716 892 999 931 occurrerunt.
1051 889 1133 939 Qui
1166 889 1327 930 duabus
1360 888 1409 929 de
1441 889 1577 930 causis

245 968 292 995 eo
326 954 391 995 die
425 953 624 994 dimicare
655 952 838 1008 nolebat,
869 954 984 1008 quod
1010 957 1052 995 et
1077 953 1218 995 nullos
1249 953 1408 994 milites
1439 953 1483 993 in
1508 967 1577 994 na-

243 1019 367 1060 vibus
409 1018 610 1071 habebat,
658 1020 699 1058 et
738 1020 835 1071 post
878 1017 1026 1058 horam
1062 1029 1095 1058 x
1133 1018 1215 1058 diei
1259 1032 1325 1059 res
1364 1018 1579 1072 agebatur,

243 1097 328 1123 nox
360 1084 501 1122 autem
539 1081 731 1122 adlatura
760 1081 982 1123 videbatur
1017 1083 1221 1124 maiorem
1251 1081 1450 1123 fiduciam
1480 1082 1578 1137 illis,

244 1146 318 1201 qui
354 1146 545 1187 locorum
582 1145 737 1186 notitia
773 1146 1056 1200 confidebant3
1099 1146 1181 1187 sibi
1218 1146 1345 1187 etiam
1380 1146 1579 1187 hortandi

244 1225 343 1251 suos
370 1210 575 1251 auxilium
602 1209 857 1265 defuturum,
887 1211 1000 1265 quod
1024 1210 1140 1251 nulla
1167 1211 1269 1252 satis
1295 1210 1445 1251 idonea
1469 1213 1579 1252 esset

243 1274 447 1329 hortatio,
498 1289 603 1329 quae
648 1289 783 1328 neque
824 1275 1025 1316 virtutem
1068 1278 1213 1329 posset
1255 1278 1403 1316 notare
1442 1289 1578 1329 neque

245 1339 452 1380 inertiam.
505 1338 668 1388 Quibus
696 1339 745 1379 de
772 1339 908 1380 causis
934 1354 1075 1393 naves,
1108 1354 1211 1393 quas
1242 1339 1395 1393 potuit,
1427 1338 1579 1380 Caesar

244 1404 295 1445 ad
326 1406 483 1444 terram
516 1403 718 1458 detrahit,
760 1418 884 1457 quem
923 1404 967 1444 in
1003 1404 1143 1444 locum
1182 1402 1279 1444 illos
1312 1417 1578 1444 successuros

242 1483 327 1509 non
360 1468 642 1509 existimabat.

330 1531 403 1573 XI.
459 1532 566 1573 Erat
609 1547 692 1573 una
733 1533 853 1574 navis
897 1532 1064 1573 Rhodia
1107 1531 1151 1572 in
1196 1531 1343 1572 dextro
1388 1529 1577 1573 Caesaris

243 1612 373 1639 cornu
393 1597 519 1652 longe
540 1597 591 1638 ab
612 1597 786 1651 reliquis
802 1596 1015 1638 collocata.
1047 1595 1169 1637 Hanc
1183 1595 1414 1650 conspicati
1433 1594 1577 1637 hostes

242 1676 326 1703 non
369 1664 598 1702 tenuerunt
641 1677 752 1716 sese,
801 1675 1039 1715 magnoque
1086 1661 1247 1715 impetu
1294 1672 1341 1701 IV
1384 1659 1436 1701 ad
1486 1674 1577 1701 eam

243 1728 479 1768 constratae
520 1741 648 1767 naves
692 1728 733 1767 et
773 1725 1010 1779 complures
1052 1727 1219 1778 apertae
1260 1724 1576 1766 contenderunt.

244 1790 321 1832 Cui
354 1793 523 1832 coactus
556 1794 620 1831 est
653 1789 805 1831 Caesar
835 1790 944 1832 ferre
976 1789 1225 1843 subsidium,
1255 1803 1308 1830 ne
1333 1792 1501 1843 turpem
1532 1788 1576 1829 in

243 1857 470 1909 conspectu
501 1855 690 1896 hostium
723 1854 1022 1896 contumeliam
1055 1854 1274 1908 acciperet,
1309 1867 1577 1908 quamquam,

243 1920 278 1961 si
311 1919 413 1974 quid
445 1919 615 1973 gravius
655 1919 740 1960 illis
778 1918 1016 1974 accidisset,
1053 1918 1205 1959 merito
1239 1931 1433 1958 casurum
1471 1917 1575 1959 iudi-

243 1983 375 2025 cabat.
436 1982 651 2024 Proelium
696 1983 966 2024 commissum
1008 1985 1072 2024 est
1112 1995 1266 2037 magna
1306 1981 1575 2023 contentione

241 2047 524 2103 Rhodiorum3
568 2048 641 2102 qui
685 2062 779 2089 cum
824 2047 866 2088 in
912 2047 1107 2088 omnibus
1152 2046 1494 2088 dimicationibus
1533 2049 1576 2088 et

242 2113 419 2154 scientia
445 2116 486 2153 et
510 2112 668 2153 virtute
693 2111 1016 2166 praestitissent,
1048 2114 1140 2152 tum
1165 2111 1347 2152 maxime
1373 2110 1447 2151 illo
1472 2112 1574 2151 tem·

241 2192 342 2232 pore
380 2179 518 2218 totum
557 2191 663 2221 onus
702 2175 910 2217 sustinere
949 2190 1033 2216 non
1071 2176 1339 2228 recusabant,
1378 2189 1430 2216 ne
1463 2173 1575 2228 quod

242 2256 416 2283 suorum
461 2241 585 2296 culpa
627 2240 925 2281 detrimentum
967 2243 1184 2294 acceptum
1225 2239 1446 2280 videretur.
1508 2236 1575 2278 Ita

241 2306 448 2360 proelium
487 2306 838 2347 secundissimum
879 2307 942 2346 est
981 2304 1151 2346 factum.
1221 2302 1354 2358 Capta
1391 2305 1455 2344 est
1491 2316 1575 2343 una
