1669 2574
279 113 334 155 84
414 152 417 155 ,
721 110 916 145 BELLUM
941 108 1165 144 AFRICUM.

273 209 441 263 Leptim
473 207 676 260 misisset,
707 206 751 247 in
782 205 932 246 itinere
963 204 1232 258 praedatores
1264 206 1427 259 equites
1457 204 1627 247 Numi-v

276 273 348 314 das
382 272 664 326 Gaetulosque
694 286 745 312 ex
776 271 1006 325 improviso
1033 269 1170 310 adorti
1196 270 1362 311 circiter
1394 280 1419 310 C
1450 269 1605 323 partim

231 349 250 378 6
277 336 529 388 occiderunt,
553 334 710 389 partim
729 334 924 376 vivorum
948 334 1075 388 potiti
1101 336 1210 375 sunt.
1261 333 1414 375 Caesar
1437 333 1607 375 interim

277 399 428 441 cotidie
454 398 643 453 legiones
669 398 712 439 in
739 413 934 452 campum
960 398 1162 440 deducere
1188 400 1315 452 atque
1341 412 1446 452 opus
1471 398 1607 439 facere
1632 415 1641 441 ‚⁴

275 463 518 517 vallumque
550 465 592 503 et
622 463 780 504 fossam
811 478 887 517 per
917 462 1103 503 medium
1135 477 1329 517 campum
1361 462 1511 503 ducere
1542 462 1608 503 ad-
1629 457 1639 490 ’ἶ

275 529 641 583 versariorumque
673 527 992 569 excursionibus
1025 526 1142 582 [iter]
1169 528 1337 569 officere
1367 541 1452 568 non
1483 527 1608 568 inter·

278 593 422 635 mittit.
490 592 631 647 Scipio
669 592 771 633 item
808 591 1067 633 munitiones
1105 594 1251 633 contra
1286 591 1422 632 facere
1459 593 1518 645 et,
1557 606 1609 633 ne
1640 601 1655 626 Γ

230 669 250 698 8
277 658 376 712 iugo
412 672 435 698 a
470 656 644 699 Caesare
677 656 990 710 excluderetur,
1031 656 1319 710 adproperare.
1380 654 1447 696 Ita
1484 655 1633 696 duces

279 722 452 776 utrique
490 725 532 763 et
569 722 613 762 in
651 721 850 775 operibus
882 721 1075 775 occupati
1112 734 1202 761 esse
1233 722 1276 761 et
1304 718 1439 761 nihilo
1470 719 1611 761 minus

280 786 544 840 equestribus
575 785 749 840 proeliis
781 785 892 826 inter
925 799 969 826 se
1001 784 1154 826 cotidie
1187 784 1454 825 dimicabant.

235 863 251 892 1
366 849 496 892 LXII.
548 849 724 891 Interim
755 849 894 891 Varus
927 850 1121 904 classem,
1154 863 1279 903 quam
1311 851 1433 889 antea
1462 847 1629 899 Uticae<

278 915 431 957 hiemis
464 914 601 970 gratia
632 914 901 969 subduxerat,
933 915 1104 971 cognito
1134 913 1316 968 legionis
1347 925 1378 954 X
1409 915 1452 955 et
1481 925 1531 954 IX
1561 928 1638 954 ex>

281 979 426 1021 Sicilia
457 979 639 1020 adventu
671 978 862 1020 celeriter
893 979 1063 1021 deducit
1093 978 1236 1032 ibique
1269 977 1459 1019 Gaetulis
1490 979 1612 1020 remi-

281 1045 405 1099 gibus
432 1043 695 1097 epibatisque
716 1042 899 1096 complet
923 1043 1234 1097 insidiandique
1260 1042 1397 1097 gratia
1416 1042 1468 1083 ab
1486 1041 1614 1084 Utica

280 1122 530 1163 progressus
572 1106 881 1148 Hadrumetum
931 1122 1026 1149 cum
1075 1119 1136 1148 LV
1181 1107 1361 1148 navibus
1409 1108 1612 1161 pervenit.

236 1185 255 1214 2
283 1172 412 1214 Cuius
445 1172 649 1213 adventus
680 1171 838 1212 inscius
872 1169 1024 1213 Caesar
1053 1171 1099 1212 L.
1133 1170 1323 1225 Cispium
1355 1185 1450 1212 cum
1482 1171 1614 1214 classe

282 1249 411 1278 XXVII
442 1236 614 1277 navium
645 1235 697 1276 ad
727 1235 944 1289 Thapsum
975 1251 1122 1277 versus
1160 1236 1203 1277 in
1241 1235 1467 1277 stationem
1498 1250 1613 1291 prae-

283 1301 379 1343 sidii
406 1300 542 1356 gratia
568 1302 826 1342 commeatus
858 1300 924 1341 sui
954 1299 1090 1341 mittit
1121 1300 1308 1354 itemque
1341 1298 1386 1349 Q.
1412 1298 1614 1355 Aquilam

284 1380 378 1407 cum
403 1377 487 1405 XIII
517 1364 695 1405 navibus
726 1364 866 1419 longis
891 1363 1202 1405 Hadrumetum
1233 1363 1377 1404 eadem
1409 1364 1459 1406 de
1491 1380 1616 1407 causa

283 1429 529 1484 praemittit.
593 1427 778 1483 Cispius,
811 1443 894 1482 quo
926 1431 1015 1470 erat
1044 1428 1221 1482 missus,
1253 1427 1445 1470 celeriter
1473 1444 1614 1483 perve-

282 1493 364 1548 nit,
404 1495 448 1534 at
484 1492 642 1547 Aquila
678 1495 929 1547 tempestate
966 1492 1145 1534 iactatus
1176 1493 1519 1546 promunturium
1551 1509 1615 1536 su-

282 1572 428 1612 perare
465 1572 550 1599 non
587 1558 728 1612 potuit
766 1560 892 1612 atque
933 1557 1135 1612 angulum
1173 1557 1382 1611 quendam
1421 1560 1562 1599 tutum
1593 1573 1617 1599 a

283 1624 535 1676 tempestate
571 1624 721 1663 nactus
754 1636 849 1663 cum
888 1621 1021 1663 classe
1053 1636 1096 1662 se
1132 1620 1302 1676 longius
1335 1636 1359 1662 a
1391 1625 1616 1677 prospectu

237 1699 258 1728 4
284 1687 474 1728 removit.
536 1685 717 1740 Reliqua
758 1686 903 1728 classis
942 1686 986 1727 in
1023 1686 1112 1727 salo
1150 1686 1202 1727 ad
1231 1685 1399 1740 Leptim
1437 1688 1618 1742 egressis

284 1750 515 1804 remigibus
553 1750 795 1804 passimque
835 1750 879 1791 in
916 1750 1040 1792 litore
1071 1750 1346 1805 vagantibus,
1382 1751 1537 1805 partim
1573 1752 1618 1793 in

285 1815 486 1868 oppidum
523 1815 661 1856 victus
700 1815 766 1856 sui
803 1815 1017 1856 mercandi
1055 1815 1191 1870 gratia
1221 1815 1456 1869 progressis
1487 1831 1619 1858 vacua

239 1890 259 1920 5
286 1893 310 1918 a
341 1878 630 1920 defensoribus
662 1879 813 1920 stabat.
876 1879 1039 1929 Quibus
1071 1879 1197 1920 rebus
1228 1878 1368 1920 Varus
1400 1894 1451 1920 ex
1480 1880 1618 1933 perfu-

286 1943 351 1997 gis
384 1942 565 1996 cognitis
592 1943 853 1984 occasionem
886 1946 1035 1985 nactus
1065 1943 1214 1998 vigilia
1245 1944 1426 1984 secunda
1455 1943 1618 1986 Hadru-

285 2009 398 2048 meto
439 2021 490 2048 ex
530 2007 710 2048 cothone
753 2022 947 2062 egressus
985 2022 1080 2049 cum
1117 2008 1255 2062 primo
1292 2022 1414 2049 mane
1449 2007 1618 2062 Leptim

285 2072 482 2113 universa
519 2071 651 2113 classe
688 2074 834 2113 vectus
872 2087 999 2113 naves
1038 2071 1266 2125 onerarias,
1308 2086 1413 2125 quae
1449 2071 1619 2128 longius

287 2150 311 2176 a
340 2137 467 2189 portu
499 2135 542 2176 in
574 2135 660 2176 salo
695 2135 876 2190 stabant,
908 2136 1095 2177 incendit
1126 2138 1168 2177 et
1198 2138 1392 2190 penteres
1424 2137 1526 2179 duas
1551 2152 1618 2179 va-

287 2214 384 2241 cuas
418 2215 441 2240 a
473 2200 763 2241 defensoribus
795 2200 912 2241 nullo
947 2202 1208 2255 repugnante
1240 2200 1361 2255 cepit.

242 2277 258 2306 1
374 2263 527 2306 LXIII.
580 2264 732 2306 Caesar
758 2264 931 2306 interim
957 2264 1149 2306 celeriter
1173 2279 1248 2318 per
1271 2265 1457 2320 nuntios,
1488 2265 1532 2307 in
1557 2280 1618 2307 ca-

287 2330 385 2370 stris
419 2344 514 2370 cum
553 2344 681 2384 opera
720 2329 977 2383 circumiret,
1016 2329 1169 2370 certior
1198 2329 1352 2383 factus,
1391 2345 1496 2384 quae
1527 2330 1617 2372 abe⁴

232 605 250 635 <¹

237 1442 257 1471 ΟΨ
