1669 2574
217 1299 235 1328 10

263 98 320 138 24
619 98 815 133 BELLUM
840 99 1240 134 ALEXANDRINUM.

263 193 313 234 ad
349 193 538 248 legiones
578 194 793 247 profectus
824 208 951 234 unam
984 209 1035 235 ex
1066 196 1220 250 tribus,
1252 207 1413 250 XXXVI,
1451 210 1592 237 secum

263 258 395 312 ducit,
433 259 534 299 duas
572 258 615 298 in
647 256 892 312 Aegyptum
924 258 976 299 ad
1010 257 1228 300 Caesarem
1266 260 1401 300 mittit
1437 259 1591 300 litteris

262 321 351 362 eius
389 324 600 376 evocatas3
646 335 825 375 quarum
864 322 996 363 altera
1033 323 1144 365 bello
1181 324 1468 365 Alexandrino
1507 338 1593 364 non

264 386 457 439 occurrit,
490 385 603 440 quod
635 385 784 427 itinere
816 387 1008 428 terrestri
1039 402 1114 440 per
1147 387 1312 442 Syriam
1339 391 1427 429 erat
1451 388 1592 428 missa.

262 448 471 504 Adiungit
504 448 581 492 Cn.
617 449 833 491 Domitius
870 451 1030 505 legioni
1066 463 1209 495 XXXVI
1247 453 1349 494 duas
1387 453 1438 494 ab
1468 451 1592 493 Deio-

262 516 371 568 taro,
413 529 516 568 quas
548 514 620 556 ille
653 515 876 569 disciplina
908 518 1034 569 atque
1067 519 1278 557 armatura
1307 518 1454 557 nostra
1484 529 1592 556 com·

262 578 403 631 plures
442 594 573 621 annos
606 580 858 621 constitutas
895 579 1096 634 habebat,
1134 581 1381 636 equitesque
1415 592 1458 635 C,
1496 579 1592 621 toti-

264 643 441 698 demque
474 645 524 685 ab
556 643 840 686 Ariobarzane
879 644 1019 685 sumit.
1080 643 1218 686 Mittit
1247 645 1293 686 P.
1324 644 1509 686 Sestium
1542 644 1593 684 ad

263 706 306 748 C.
325 707 584 750 Plaetorium
612 712 891 763 quaestorem,
916 712 965 749 ut
995 709 1205 763 legionem
1226 710 1462 764 adduceret,
1487 723 1592 763 quae

263 787 314 813 ex
339 773 628 815 tumultuariis
654 773 863 814 militibus
890 773 932 813 in
952 772 1090 813 Ponto
1120 773 1309 814 confecta
1340 776 1440 827 erat,
1467 772 1593 822 Quin·
1655 769 1657 784 ¹

261 838 436 890 tumque
475 836 684 878 Patisium
726 837 769 877 in
812 836 1001 878 Ciliciam
1047 837 1098 877 ad
1142 838 1299 878 auxilia
1338 837 1594 879 arcessenda.

263 899 377 949 Quae
422 902 564 955 copiae
609 901 801 942 celeriter
846 916 990 943 omnes
1034 901 1152 942 iussu
1192 901 1372 943 Domitii
1411 901 1594 943 Comana
1656 911 1663 925 ¹*

262 969 558 1006 convenerunt.
1656 999 1663 1011 2

350 1029 524 1071 XXXV.
573 1029 750 1071 Interim
787 1029 919 1084 legati
952 1045 976 1071 a
1006 1030 1223 1072 Pharnace
1261 1046 1463 1086 responsa
1492 1031 1594 1072 refe·
1654 1025 1657 1070 J

262 1096 378 1134 runt:
430 1092 694 1148 Cappadocia
730 1109 774 1135 se
813 1094 1061 1150 decessisse,
1104 1094 1350 1136 Armeniam
1389 1096 1594 1136 minorem
1655 1085 1657 1111 ³

262 1158 481 1213 recepisse,
513 1174 638 1213 quam
670 1161 846 1212 paterno
878 1160 1047 1201 nomine
1079 1160 1169 1201 iure
1199 1160 1388 1201 obtinere
1415 1160 1595 1201 deberet.

261 1223 455 1278 Denique
494 1223 582 1264 eius
622 1223 743 1278 regni
781 1237 905 1265 causa
942 1224 1108 1295 integra
1140 1223 1308 1266 Caesari
1341 1226 1595 1266 servaretur:

262 1291 457 1342 paratum
483 1288 595 1329 enim
621 1303 665 1329 se
690 1289 838 1342 facere,
871 1288 983 1342 quod
1009 1289 1044 1329 is
1071 1289 1302 1330 statuisset,
1355 1288 1425 1329 Cn.
1451 1288 1595 1329 Domi-

261 1353 347 1394 tius
392 1367 486 1393 cum
531 1352 884 1393 animadverteret
928 1367 1021 1393 euni
1067 1352 1331 1406 Cappadocia
1369 1352 1597 1394 decessisse
1652 1375 1653 1378 =

261 1432 346 1458 non
371 1416 591 1458 voluntate
618 1417 861 1470 adductum,
894 1416 966 1457 sed
991 1417 1252 1470 necessitate,
1286 1416 1399 1470 quod
1429 1416 1595 1457 facilius

261 1480 507 1522 Armeniam
535 1481 755 1522 defendere
780 1484 924 1535 posset
950 1481 1181 1523 subiectam
1208 1495 1284 1522 suo
1311 1494 1442 1535 regno
1470 1496 1595 1535 quam
1652 1495 1665 1502 ²

264 1544 571 1598 Cappadociam
611 1545 781 1599 longius
822 1549 1046 1599 remotam,
1091 1545 1286 1599 quodque
1325 1559 1469 1586 omnes
1508 1547 1595 1586 tres

261 1609 450 1664 legiones
493 1609 772 1650 adducturum
811 1609 1050 1651 Domitium
1089 1612 1302 1664 putasset,
1347 1624 1397 1650 ex
1442 1609 1595 1663 quibus

262 1689 357 1715 cum
396 1674 498 1715 duas
537 1674 588 1714 ad
627 1673 845 1715 Caesarem
882 1674 1034 1716 missas
1073 1674 1275 1728 audisset,
1313 1673 1512 1714 audacius
1551 1674 1595 1714 in

262 1738 464 1779 Armenia
495 1738 775 1792 substitisset,
806 1753 1072 1793 perseverare
1098 1738 1248 1792 coepit,
1280 1741 1328 1779 ut
1353 1752 1400 1779 eo
1428 1752 1594 1792 quoque
1650 1766 1653 1797 2

262 1817 391 1857 regno
425 1803 659 1857 decederet,
696 1817 832 1857 neque
865 1803 975 1844 enim
1009 1803 1124 1845 aliud
1160 1803 1226 1844 ius
1259 1817 1349 1844 esse
1382 1801 1594 1856 Cappado-
1650 1799 1653 1829 ¹³

262 1867 348 1908 ciae
381 1869 506 1921 atque
538 1866 782 1921 Armeniae,
819 1882 894 1909 nec
933 1868 1043 1909 iuste
1075 1882 1171 1908 eum
1201 1866 1435 1921 postulare,
1473 1868 1521 1907 ut
1551 1866 1595 1907 in

263 1930 451 1972 Caesaris
478 1931 704 1972 adventum
730 1946 797 1972 res
824 1932 990 1986 integra
1016 1932 1272 1984 differretur,
1298 1930 1341 1971 id
1367 1931 1478 1971 enim
1504 1944 1594 1971 esse

262 1996 491 2051 integrum,
536 1996 648 2050 quod
685 1996 745 2036 ita
782 1999 909 2049 esset,
953 1998 1001 2036 ut
1037 1996 1198 2037 fuisset.
1260 1994 1340 2035 His
1381 1994 1594 2048 responsis

262 2061 371 2101 datis
404 2075 497 2101 cum
529 2061 581 2101 iis
613 2060 778 2114 copiis,
797 2075 900 2114 quas
933 2074 1060 2113 supra
1092 2060 1259 2114 scripsi,
1290 2058 1505 2112 profectus
1530 2061 1596 2099 est

262 2124 305 2164 in
324 2123 569 2166 Armeniam
594 2124 782 2177 locisque
809 2124 1096 2178 superioribus
1123 2125 1204 2165 iter
1228 2123 1364 2164 facere
1390 2122 1594 2163 instituit:

260 2203 357 2229 nam
389 2204 440 2230 ex
471 2188 608 2230 Ponto
641 2203 665 2229 a
691 2188 887 2229 Comanis
919 2188 1068 2242 iugum
1100 2188 1261 2229 editum
1294 2187 1486 2228 silvestre
1518 2190 1594 2241 est,

260 2254 476 2307 pertinens
508 2254 551 2294 in
577 2253 821 2294 Armeniam
854 2253 1072 2306 minorem,
1105 2267 1187 2307 quo
1216 2251 1479 2306 Cappadocia
1502 2251 1592 2291 fini-

260 2321 330 2359 tur
363 2319 413 2359 ab
446 2317 663 2373 Armenia3
702 2318 819 2359 cuius
858 2317 1022 2358 itineris
1060 2316 1137 2357 has
1177 2331 1267 2357 esse
1306 2318 1441 2357 certas
1475 2329 1593 2369 opor·
1645 2342 1648 2356 ‹
