<?xml version="1.0" encoding="UTF-8"?>
<!DOCTYPE html PUBLIC "-//W3C//DTD XHTML 1.0 Transitional//EN"
    "http://www.w3.org/TR/xhtml1/DTD/xhtml1-transitional.dtd">
<html xmlns="http://www.w3.org/1999/xhtml" xml:lang="en" lang="en">
 <head>
  <title>
</title>
<meta http-equiv="Content-Type" content="text/html;charset=utf-8" />
  <meta name='ocr-system' content='tesseract 3.04.00' />
  <meta name='ocr-capabilities' content='ocr_page ocr_carea ocr_par ocr_line ocrx_word'/>
</head>
<body>
  <div class='ocr_page' id='page_1' title='image "./commentarii03caesuoft_0213.png"; bbox 0 0 1638 2600; ppageno 0'>
   <div class='ocr_carea' id='block_1_1' title="bbox 170 127 1421 169">
    <p class='ocr_par' dir='ltr' id='par_1_1' title="bbox 170 127 1421 169">
     <span class='ocr_line' id='line_1_1' title="bbox 170 127 1421 169; baseline -0.002 -5"><span class='ocrx_word' id='word_1_1' title='bbox 170 130 212 164; x_wconf 88' lang='grc' dir='ltr'><em>Π.</em></span> <span class='ocrx_word' id='word_1_2' title='bbox 245 129 309 164; x_wconf 90' lang='lat' dir='ltr'><em>DE</em></span> <span class='ocrx_word' id='word_1_3' title='bbox 335 128 583 163; x_wconf 81' lang='lat' dir='ltr'>ANALOGIA</span> <span class='ocrx_word' id='word_1_4' title='bbox 608 128 673 163; x_wconf 94' lang='lat' dir='ltr'><em>AD</em></span> <span class='ocrx_word' id='word_1_5' title='bbox 699 128 748 162; x_wconf 92' lang='lat' dir='ltr'><em>M.</em></span> <span class='ocrx_word' id='word_1_6' title='bbox 772 127 985 163; x_wconf 87' lang='lat' dir='ltr'>TULLIUM</span> <span class='ocrx_word' id='word_1_7' title='bbox 1012 127 1297 163; x_wconf 87' lang='lat' dir='ltr'>CICERONEM.</span> <span class='ocrx_word' id='word_1_8' title='bbox 1339 128 1421 169; x_wconf 85' lang='lat'><em>143</em></span> 
     </span>
    </p>
   </div>
   <div class='ocr_carea' id='block_1_2' title="bbox 65 223 1422 2442">
    <p class='ocr_par' dir='ltr' id='par_1_2' title="bbox 81 223 1422 411">
     <span class='ocr_line' id='line_1_2' title="bbox 82 223 1422 267; baseline -0.001 -8"><span class='ocrx_word' id='word_1_9' title='bbox 82 224 249 260; x_wconf 75' lang='lat' dir='ltr'><em>ultimam</em></span> <span class='ocrx_word' id='word_1_10' title='bbox 279 224 374 259; x_wconf 89' lang='lat' dir='ltr'><em>enim</em></span> <span class='ocrx_word' id='word_1_11' title='bbox 404 223 559 258; x_wconf 81' lang='lat' dir='ltr'><em>vocalem</em></span> <span class='ocrx_word' id='word_1_12' title='bbox 589 224 622 258; x_wconf 89' lang='lat' dir='ltr'><em>si</em></span> <span class='ocrx_word' id='word_1_13' title='bbox 651 223 832 258; x_wconf 80' lang='lat' dir='ltr'><em>ablativus</em></span> <span class='ocrx_word' id='word_1_14' title='bbox 857 223 1034 265; x_wconf 85' lang='lat' dir='ltr'><em>amiserit,</em></span> <span class='ocrx_word' id='word_1_15' title='bbox 1064 223 1166 258; x_wconf 88' lang='lat' dir='ltr'><em>dabit</em></span> <span class='ocrx_word' id='word_1_16' title='bbox 1189 223 1279 258; x_wconf 87' lang='lat' dir='ltr'><em>scire</em></span> <span class='ocrx_word' id='word_1_17' title='bbox 1303 223 1422 267; x_wconf 88' lang='lat' dir='ltr'><em>qualis</em></span> 
     </span>
     <span class='ocr_line' id='line_1_3' title="bbox 81 269 1422 316; baseline -0.001 -9"><span class='ocrx_word' id='word_1_18' title='bbox 81 282 152 307; x_wconf 89' lang='lat' dir='ltr'><em>esse</em></span> <span class='ocrx_word' id='word_1_19' title='bbox 183 271 306 306; x_wconf 88' lang='lat' dir='ltr'><em>debeat</em></span> <span class='ocrx_word' id='word_1_20' title='bbox 335 270 592 306; x_wconf 73' lang='lat' dir='ltr'><em>nominativus.</em></span> <span class='ocrx_word' id='word_1_21' title='bbox 645 269 796 305; x_wconf 85' lang='lat' dir='ltr'><em>Ovidius</em></span> <span class='ocrx_word' id='word_1_22' title='bbox 827 270 946 312; x_wconf 88' lang='lat' dir='ltr'><em>„mille</em></span> <span class='ocrx_word' id='word_1_23' title='bbox 978 271 1072 304; x_wconf 85' lang='lat' dir='ltr'><em>lacer</em></span> <span class='ocrx_word' id='word_1_24' title='bbox 1101 281 1270 316; x_wconf 76' lang='lat' dir='ltr'><em>sparqere</em></span> <span class='ocrx_word' id='word_1_25' title='bbox 1302 271 1422 313; x_wconf 79' lang='lat' dir='ltr'><em>locis“,</em></span> 
     </span>
     <span class='ocr_line' id='line_1_4' title="bbox 81 317 1422 364; baseline 0 -11"><span class='ocrx_word' id='word_1_26' title='bbox 81 318 176 364; x_wconf 89' lang='lat' dir='ltr'><em>quod</em></span> <span class='ocrx_word' id='word_1_27' title='bbox 207 319 261 353; x_wconf 88' lang='lat' dir='ltr'><em>ita</em></span> <span class='ocrx_word' id='word_1_28' title='bbox 289 317 363 353; x_wconf 85' lang='lat' dir='ltr'><em>dici</em></span> <span class='ocrx_word' id='word_1_29' title='bbox 387 317 508 352; x_wconf 87' lang='lat' dir='ltr'><em>debere</em></span> <span class='ocrx_word' id='word_1_30' title='bbox 533 322 565 353; x_wconf 89' lang='lat' dir='ltr'><em>et</em></span> <span class='ocrx_word' id='word_1_31' title='bbox 591 317 725 353; x_wconf 84' lang='lat' dir='ltr'><em>Caesar</em></span> <span class='ocrx_word' id='word_1_32' title='bbox 749 317 792 352; x_wconf 86' lang='lat' dir='ltr'><em>de</em></span> <span class='ocrx_word' id='word_1_33' title='bbox 817 317 991 362; x_wconf 74' lang='lat' dir='ltr'><em>analoqia</em></span> <span class='ocrx_word' id='word_1_34' title='bbox 1018 317 1108 352; x_wconf 85' lang='lat' dir='ltr'><em>libro</em></span> <span class='ocrx_word' id='word_1_35' title='bbox 1134 318 1184 352; x_wconf 92' lang='lat' dir='ltr'><em>II</em></span> <span class='ocrx_word' id='word_1_36' title='bbox 1203 329 1267 353; x_wconf 89' lang='lat' dir='ltr'><em>nec</em></span> <span class='ocrx_word' id='word_1_37' title='bbox 1291 328 1366 352; x_wconf 88' lang='lat' dir='ltr'><em>non</em></span> <span class='ocrx_word' id='word_1_38' title='bbox 1391 322 1422 353; x_wconf 87' lang='lat' dir='ltr'><em>et</em></span> 
     </span>
     <span class='ocr_line' id='line_1_5' title="bbox 87 365 1151 411; baseline -0.002 -11"><span class='ocrx_word' id='word_1_39' title='bbox 87 365 238 411; x_wconf 74' lang='lat' dir='ltr'><em>Valqius</em></span> <span class='ocrx_word' id='word_1_40' title='bbox 263 365 306 400; x_wconf 89' lang='lat' dir='ltr'><em>de</em></span> <span class='ocrx_word' id='word_1_41' title='bbox 330 365 433 399; x_wconf 89' lang='lat' dir='ltr'><em>rebus</em></span> <span class='ocrx_word' id='word_1_42' title='bbox 454 376 521 409; x_wconf 88' lang='lat' dir='ltr'><em>per</em></span> <span class='ocrx_word' id='word_1_43' title='bbox 545 365 730 409; x_wconf 88' lang='lat' dir='ltr'><em>epistolam</em></span> <span class='ocrx_word' id='word_1_44' title='bbox 756 365 928 408; x_wconf 78' lang='lat' dir='ltr'><em>quaesitis</em></span> <span class='ocrx_word' id='word_1_45' title='bbox 952 365 1151 408; x_wconf 83' lang='lat' dir='ltr'><em>disputant.</em></span> 
     </span>
    </p>

    <p class='ocr_par' dir='ltr' id='par_1_3' title="bbox 73 411 1422 785">
     <span class='ocr_line' id='line_1_6' title="bbox 176 411 1422 456; baseline -0.001 -9"><span class='ocrx_word' id='word_1_46' title='bbox 176 412 315 447; x_wconf 80' lang='lat' dir='ltr'><em>Charis.</em></span> <span class='ocrx_word' id='word_1_47' title='bbox 341 412 369 446; x_wconf 91' lang='lat' dir='ltr'><strong><em>I</em></strong></span> <span class='ocrx_word' id='word_1_48' title='bbox 390 423 427 456; x_wconf 89' lang='lat' dir='ltr'><em>p.</em></span> <span class='ocrx_word' id='word_1_49' title='bbox 455 414 536 454; x_wconf 71' lang='lat'><em>144,</em></span> <span class='ocrx_word' id='word_1_50' title='bbox 562 415 609 447; x_wconf 90' lang='grc'><em>30</em></span> <span class='ocrx_word' id='word_1_51' title='bbox 635 412 684 446; x_wconf 88' lang='lat' dir='ltr'><em>K.</em></span> <span class='ocrx_word' id='word_1_52' title='bbox 737 412 855 446; x_wconf 82' lang='lat' dir='ltr'><em>Turbo</em></span> <span class='ocrx_word' id='word_1_53' title='bbox 885 411 1081 454; x_wconf 72' lang='lat' dir='ltr'><em>Turbonis,</em></span> <span class='ocrx_word' id='word_1_54' title='bbox 1107 413 1140 447; x_wconf 88' lang='lat' dir='ltr'><em>si</em></span> <span class='ocrx_word' id='word_1_55' title='bbox 1160 413 1348 456; x_wconf 81' lang='lat' dir='ltr'><em>proprium</em></span> <span class='ocrx_word' id='word_1_56' title='bbox 1375 413 1422 447; x_wconf 89' lang='lat' dir='ltr'><em>sit</em></span> 
     </span>
     <span class='ocr_line' id='line_1_7' title="bbox 79 459 1422 504; baseline 0 -10"><span class='ocrx_word' id='word_1_57' title='bbox 79 460 235 494; x_wconf 80' lang='lat' dir='ltr'><em>hominis</em></span> <span class='ocrx_word' id='word_1_58' title='bbox 257 470 407 501; x_wconf 88' lang='lat' dir='ltr'><em>nomen;</em></span> <span class='ocrx_word' id='word_1_59' title='bbox 432 459 600 503; x_wconf 80' lang='lat' dir='ltr'><em>turbinis,</em></span> <span class='ocrx_word' id='word_1_60' title='bbox 623 460 656 494; x_wconf 89' lang='lat' dir='ltr'><em>si</em></span> <span class='ocrx_word' id='word_1_61' title='bbox 675 459 870 504; x_wconf 76' lang='lat' dir='ltr'><em>procellam</em></span> <span class='ocrx_word' id='word_1_62' title='bbox 888 459 1106 493; x_wconf 86' lang='lat' dir='ltr'><em>voluerimus</em></span> <span class='ocrx_word' id='word_1_63' title='bbox 1125 460 1332 503; x_wconf 71' lang='lat' dir='ltr'><em>exprimere,</em></span> <span class='ocrx_word' id='word_1_64' title='bbox 1357 464 1422 494; x_wconf 88' lang='lat' dir='ltr'><em>aut</em></span> 
     </span>
     <span class='ocr_line' id='line_1_8' title="bbox 78 506 1422 551; baseline 0.001 -10"><span class='ocrx_word' id='word_1_65' title='bbox 78 508 120 541; x_wconf 89' lang='lat' dir='ltr'><em>in</em></span> <span class='ocrx_word' id='word_1_66' title='bbox 144 517 194 550; x_wconf 88' lang='lat' dir='ltr'><em>eo,</em></span> <span class='ocrx_word' id='word_1_67' title='bbox 220 507 340 551; x_wconf 89' lang='lat' dir='ltr'><em>inquit</em></span> <span class='ocrx_word' id='word_1_68' title='bbox 364 506 524 549; x_wconf 88' lang='lat' dir='ltr'><em>Plinius,</em></span> <span class='ocrx_word' id='word_1_69' title='bbox 549 507 612 551; x_wconf 89' lang='lat' dir='ltr'><em>qui</em></span> <span class='ocrx_word' id='word_1_70' title='bbox 636 510 686 542; x_wconf 86' lang='lat' dir='ltr'><em>est</em></span> <span class='ocrx_word' id='word_1_71' title='bbox 709 507 750 540; x_wconf 88' lang='lat' dir='ltr'><em>in</em></span> <span class='ocrx_word' id='word_1_72' title='bbox 776 507 858 540; x_wconf 88' lang='lat' dir='ltr'><em>lusu</em></span> <span class='ocrx_word' id='word_1_73' title='bbox 878 516 1085 550; x_wconf 88' lang='lat' dir='ltr'><em>puerorum.</em></span> <span class='ocrx_word' id='word_1_74' title='bbox 1134 507 1196 541; x_wconf 87' lang='lat' dir='ltr'><em>sed</em></span> <span class='ocrx_word' id='word_1_75' title='bbox 1222 506 1355 541; x_wconf 85' lang='lat' dir='ltr'><em>Caesar</em></span> <span class='ocrx_word' id='word_1_76' title='bbox 1379 507 1422 542; x_wconf 86' lang='lat' dir='ltr'><em>de</em></span> 
     </span>
     <span class='ocr_line' id='line_1_9' title="bbox 78 554 1422 599; baseline 0 -11"><span class='ocrx_word' id='word_1_77' title='bbox 78 554 252 599; x_wconf 77' lang='lat' dir='ltr'><em>analoyia</em></span> <span class='ocrx_word' id='word_1_78' title='bbox 277 554 328 588; x_wconf 90' lang='lat' dir='ltr'><em>II</em></span> <span class='ocrx_word' id='word_1_79' title='bbox 356 554 558 597; x_wconf 86' lang='lat' dir='ltr'><em>turbonem,</em></span> <span class='ocrx_word' id='word_1_80' title='bbox 595 565 669 589; x_wconf 91' lang='lat' dir='ltr'><em>non</em></span> <span class='ocrx_word' id='word_1_81' title='bbox 700 554 877 589; x_wconf 76' lang='lat' dir='ltr'><em>turbinem</em></span> <span class='ocrx_word' id='word_1_82' title='bbox 908 554 1016 588; x_wconf 89' lang='lat' dir='ltr'><em>etiam</em></span> <span class='ocrx_word' id='word_1_83' title='bbox 1046 554 1087 587; x_wconf 90' lang='lat' dir='ltr'><em>in</em></span> <span class='ocrx_word' id='word_1_84' title='bbox 1117 558 1317 598; x_wconf 76' lang='lat' dir='ltr'><em>tempestate</em></span> <span class='ocrx_word' id='word_1_85' title='bbox 1348 554 1422 589; x_wconf 90' lang='lat' dir='ltr'><em>dici</em></span> 
     </span>
     <span class='ocr_line' id='line_1_10' title="bbox 77 600 1419 644; baseline -0.001 -8"><span class='ocrx_word' id='word_1_86' title='bbox 77 601 199 636; x_wconf 86' lang='lat' dir='ltr'><em>debere</em></span> <span class='ocrx_word' id='word_1_87' title='bbox 224 602 294 644; x_wconf 90' lang='lat' dir='ltr'><em>ait,</em></span> <span class='ocrx_word' id='word_1_88' title='bbox 319 605 360 636; x_wconf 88' lang='lat' dir='ltr'><em>ut</em></span> <span class='ocrx_word' id='word_1_89' title='bbox 386 600 474 636; x_wconf 82' lang='lat' dir='ltr'><em>Cato</em></span> <span class='ocrx_word' id='word_1_90' title='bbox 501 601 665 644; x_wconf 84' lang='lat' dir='ltr'><em>Catonis,</em></span> <span class='ocrx_word' id='word_1_91' title='bbox 690 611 764 636; x_wconf 93' lang='lat' dir='ltr'><em>non</em></span> <span class='ocrx_word' id='word_1_92' title='bbox 788 605 829 635; x_wconf 90' lang='lat' dir='ltr'><em>ut</em></span> <span class='ocrx_word' id='word_1_93' title='bbox 852 601 954 635; x_wconf 79' lang='lat' dir='ltr'><em>homo</em></span> <span class='ocrx_word' id='word_1_94' title='bbox 979 601 1144 635; x_wconf 83' lang='lat' dir='ltr'><em>hominis.</em></span> <span class='ocrx_word' id='word_1_95' title='bbox 1197 601 1252 643; x_wconf 80' lang='lat' dir='ltr'><em>Cf.</em></span> <span class='ocrx_word' id='word_1_96' title='bbox 1281 601 1419 635; x_wconf 80' lang='lat' dir='ltr'><em>Charis.</em></span> 
     </span>
     <span class='ocr_line' id='line_1_11' title="bbox 73 647 1420 693; baseline 0 -11"><span class='ocrx_word' id='word_1_97' title='bbox 73 659 112 693; x_wconf 85' lang='lat' dir='ltr'><em>p.</em></span> <span class='ocrx_word' id='word_1_98' title='bbox 140 651 198 691; x_wconf 87' lang='lat'><em>63,</em></span> <span class='ocrx_word' id='word_1_99' title='bbox 224 651 310 693; x_wconf 78' lang='lat' dir='ltr'><em>Ssq.</em></span> <span class='ocrx_word' id='word_1_100' title='bbox 362 648 469 682; x_wconf 91' lang='lat' dir='ltr'><em>Prob.</em></span> <span class='ocrx_word' id='word_1_101' title='bbox 501 649 544 683; x_wconf 82' lang='lat' dir='ltr'><em>cle</em></span> <span class='ocrx_word' id='word_1_102' title='bbox 574 648 723 683; x_wconf 89' lang='lat' dir='ltr'><em>Nomin.</em></span> <span class='ocrx_word' id='word_1_103' title='bbox 755 648 848 682; x_wconf 77' lang='lat' dir='ltr'><em>Eoec.</em></span> <span class='ocrx_word' id='word_1_104' title='bbox 882 648 930 682; x_wconf 90' lang='lat' dir='ltr'><em>K.</em></span> <span class='ocrx_word' id='word_1_105' title='bbox 960 647 1004 682; x_wconf 74' lang='lat' dir='ltr'><em>G.</em></span> <span class='ocrx_word' id='word_1_106' title='bbox 1030 648 1075 682; x_wconf 88' lang='lat' dir='ltr'><em>L.</em></span> <span class='ocrx_word' id='word_1_107' title='bbox 1101 648 1165 681; x_wconf 92' lang='lat' dir='ltr'><em>IV</em></span> <span class='ocrx_word' id='word_1_108' title='bbox 1188 659 1226 692; x_wconf 90' lang='lat' dir='ltr'><em>p.</em></span> <span class='ocrx_word' id='word_1_109' title='bbox 1252 650 1337 691; x_wconf 98' lang='lat'><em>210,</em></span> <span class='ocrx_word' id='word_1_110' title='bbox 1362 651 1420 684; x_wconf 89' lang='lat'><em>30.</em></span> 
     </span>
     <span class='ocr_line' id='line_1_12' title="bbox 77 694 1420 741; baseline 0 -11"><span class='ocrx_word' id='word_1_111' title='bbox 77 696 192 730; x_wconf 88' lang='lat' dir='ltr'><em>Prisc.</em></span> <span class='ocrx_word' id='word_1_112' title='bbox 214 695 279 738; x_wconf 91' lang='lat' dir='ltr'><em>VI,</em></span> <span class='ocrx_word' id='word_1_113' title='bbox 305 698 353 730; x_wconf 88' lang='lat'><em>16</em></span> <span class='ocrx_word' id='word_1_114' title='bbox 379 696 444 739; x_wconf 87' lang='lat' dir='ltr'><em>(K.</em></span> <span class='ocrx_word' id='word_1_115' title='bbox 474 695 517 730; x_wconf 79' lang='lat' dir='ltr'><em>G.</em></span> <span class='ocrx_word' id='word_1_116' title='bbox 538 696 583 729; x_wconf 92' lang='lat' dir='ltr'><em>L.</em></span> <span class='ocrx_word' id='word_1_117' title='bbox 604 697 665 739; x_wconf 89' lang='lat' dir='ltr'><em>II)</em></span> <span class='ocrx_word' id='word_1_118' title='bbox 686 707 725 740; x_wconf 91' lang='lat' dir='ltr'><em>p.</em></span> <span class='ocrx_word' id='word_1_119' title='bbox 744 697 830 738; x_wconf 88' lang='lat'><em>207,</em></span> <span class='ocrx_word' id='word_1_120' title='bbox 850 697 908 729; x_wconf 89' lang='lat'><em>17.</em></span> <span class='ocrx_word' id='word_1_121' title='bbox 953 694 1049 729; x_wconf 84' lang='lat' dir='ltr'><em>Serv.</em></span> <span class='ocrx_word' id='word_1_122' title='bbox 1077 695 1126 729; x_wconf 80' lang='lat' dir='ltr'><em>ad</em></span> <span class='ocrx_word' id='word_1_123' title='bbox 1152 695 1253 741; x_wconf 74' lang='lat' dir='ltr'><em>Verq.</em></span> <span class='ocrx_word' id='word_1_124' title='bbox 1274 695 1365 730; x_wconf 87' lang='lat' dir='ltr'><em>Aen.</em></span> <span class='ocrx_word' id='word_1_125' title='bbox 1387 697 1420 738; x_wconf 89' lang='lat' dir='ltr'><em>I,</em></span> 
     </span>
     <span class='ocr_line' id='line_1_13' title="bbox 79 743 382 785; baseline -0.003 -7"><span class='ocrx_word' id='word_1_126' title='bbox 79 745 139 778; x_wconf 89' lang='grc'><em>83.</em></span> <span class='ocrx_word' id='word_1_127' title='bbox 184 743 273 785; x_wconf 89' lang='lat' dir='ltr'><em>VII,</em></span> <span class='ocrx_word' id='word_1_128' title='bbox 298 745 382 777; x_wconf 78' lang='lat'><em>378.</em></span> 
     </span>
    </p>

    <p class='ocr_par' dir='ltr' id='par_1_4' title="bbox 73 789 1421 1062">
     <span class='ocr_line' id='line_1_14' title="bbox 176 789 1421 835; baseline 0.001 -11"><span class='ocrx_word' id='word_1_129' title='bbox 176 790 329 835; x_wconf 75' lang='lat' dir='ltr'><em>Quintil.</em></span> <span class='ocrx_word' id='word_1_130' title='bbox 354 791 446 825; x_wconf 87' lang='lat' dir='ltr'><em>Inst.</em></span> <span class='ocrx_word' id='word_1_131' title='bbox 476 789 574 825; x_wconf 86' lang='lat' dir='ltr'><em>Orat.</em></span> <span class='ocrx_word' id='word_1_132' title='bbox 594 790 627 832; x_wconf 91' lang='lat' dir='ltr'><em>I,</em></span> <span class='ocrx_word' id='word_1_133' title='bbox 653 792 687 832; x_wconf 96' lang='lat'><em>5,</em></span> <span class='ocrx_word' id='word_1_134' title='bbox 711 792 768 824; x_wconf 86' lang='lat'><em>63.</em></span> <span class='ocrx_word' id='word_1_135' title='bbox 813 790 925 825; x_wconf 85' lang='lat' dir='ltr'><em>Nunc</em></span> <span class='ocrx_word' id='word_1_136' title='bbox 948 789 1159 824; x_wconf 72' lang='lat' dir='ltr'><em>recentiores</em></span> <span class='ocrx_word' id='word_1_137' title='bbox 1184 790 1421 825; x_wconf 87' lang='lat' dir='ltr'><em>instituerunt</em></span> 
     </span>
     <span class='ocr_line' id='line_1_15' title="bbox 77 836 1421 881; baseline -0.001 -9"><span class='ocrx_word' id='word_1_138' title='bbox 77 836 227 872; x_wconf 82' lang='lat' dir='ltr'><em>Graccis</em></span> <span class='ocrx_word' id='word_1_139' title='bbox 245 838 454 872; x_wconf 84' lang='lat' dir='ltr'><em>nominibus</em></span> <span class='ocrx_word' id='word_1_140' title='bbox 475 837 633 872; x_wconf 84' lang='lat' dir='ltr'><em>Graecas</em></span> <span class='ocrx_word' id='word_1_141' title='bbox 651 837 908 872; x_wconf 81' lang='lat' dir='ltr'><em>declinationes</em></span> <span class='ocrx_word' id='word_1_142' title='bbox 924 837 1048 881; x_wconf 91' lang='lat' dir='ltr'><em>potius</em></span> <span class='ocrx_word' id='word_1_143' title='bbox 1066 837 1165 880; x_wconf 90' lang='lat' dir='ltr'><em>dare,</em></span> <span class='ocrx_word' id='word_1_144' title='bbox 1188 838 1283 881; x_wconf 84' lang='lat' dir='ltr'><em>quod</em></span> <span class='ocrx_word' id='word_1_145' title='bbox 1301 841 1421 872; x_wconf 90' lang='lat' dir='ltr'><em>tamen</em></span> 
     </span>
     <span class='ocr_line' id='line_1_16' title="bbox 75 884 1418 929; baseline -0.001 -10"><span class='ocrx_word' id='word_1_146' title='bbox 75 885 195 929; x_wconf 87' lang='lat' dir='ltr'><em>ipsum</em></span> <span class='ocrx_word' id='word_1_147' title='bbox 219 896 294 919; x_wconf 89' lang='lat' dir='ltr'><em>non</em></span> <span class='ocrx_word' id='word_1_148' title='bbox 317 896 453 929; x_wconf 89' lang='lat' dir='ltr'><em>semper</em></span> <span class='ocrx_word' id='word_1_149' title='bbox 471 885 551 928; x_wconf 75' lang='lat' dir='ltr'><em>fieri</em></span> <span class='ocrx_word' id='word_1_150' title='bbox 570 889 694 929; x_wconf 86' lang='lat' dir='ltr'><em>potest.</em></span> <span class='ocrx_word' id='word_1_151' title='bbox 732 885 822 919; x_wconf 78' lang='lat' dir='ltr'><em>milii</em></span> <span class='ocrx_word' id='word_1_152' title='bbox 841 889 959 920; x_wconf 88' lang='lat' dir='ltr'><em>autem</em></span> <span class='ocrx_word' id='word_1_153' title='bbox 979 884 1099 928; x_wconf 86' lang='lat' dir='ltr'><em>placet</em></span> <span class='ocrx_word' id='word_1_154' title='bbox 1117 885 1294 919; x_wconf 87' lang='lat' dir='ltr'><em>rationem</em></span> <span class='ocrx_word' id='word_1_155' title='bbox 1314 884 1418 919; x_wconf 90' lang='lat' dir='ltr'><em>Lati-</em></span> 
     </span>
     <span class='ocr_line' id='line_1_17' title="bbox 74 931 1421 978; baseline 0 -12"><span class='ocrx_word' id='word_1_156' title='bbox 74 943 162 966; x_wconf 86' lang='lat' dir='ltr'><em>nam</em></span> <span class='ocrx_word' id='word_1_157' title='bbox 185 933 297 976; x_wconf 89' lang='lat' dir='ltr'><em>sequi,</em></span> <span class='ocrx_word' id='word_1_158' title='bbox 323 942 504 978; x_wconf 88' lang='lat' dir='ltr'><em>quousque</em></span> <span class='ocrx_word' id='word_1_159' title='bbox 524 933 669 976; x_wconf 88' lang='lat' dir='ltr'><em>patitur</em></span> <span class='ocrx_word' id='word_1_160' title='bbox 693 932 805 966; x_wconf 85' lang='lat' dir='ltr'><em>decor.</em></span> <span class='ocrx_word' id='word_1_161' title='bbox 843 943 955 976; x_wconf 90' lang='lat' dir='ltr'><em>neque</em></span> <span class='ocrx_word' id='word_1_162' title='bbox 973 932 1069 966; x_wconf 89' lang='lat' dir='ltr'><em>enim</em></span> <span class='ocrx_word' id='word_1_163' title='bbox 1087 932 1163 965; x_wconf 89' lang='lat' dir='ltr'><em>iam</em></span> <span class='ocrx_word' id='word_1_164' title='bbox 1183 931 1421 976; x_wconf 76' lang='lat' dir='ltr'><em>Calypsonem</em></span> 
     </span>
     <span class='ocr_line' id='line_1_18' title="bbox 75 979 1420 1024; baseline 0 -11"><span class='ocrx_word' id='word_1_165' title='bbox 75 979 232 1014; x_wconf 73' lang='lat' dir='ltr'><em>di&#39;aeerim</em></span> <span class='ocrx_word' id='word_1_166' title='bbox 267 984 308 1014; x_wconf 85' lang='lat' dir='ltr'><em>nt</em></span> <span class='ocrx_word' id='word_1_167' title='bbox 345 980 541 1021; x_wconf 85' lang='lat' dir='ltr'><em>Iunonem,</em></span> <span class='ocrx_word' id='word_1_168' title='bbox 577 991 794 1024; x_wconf 89' lang='lat' dir='ltr'><em>quamquam</em></span> <span class='ocrx_word' id='word_1_169' title='bbox 831 983 971 1014; x_wconf 89' lang='lat' dir='ltr'><em>secutus</em></span> <span class='ocrx_word' id='word_1_170' title='bbox 1008 979 1176 1023; x_wconf 88' lang='lat' dir='ltr'><em>antiquos</em></span> <span class='ocrx_word' id='word_1_171' title='bbox 1215 979 1250 1014; x_wconf 83' lang='lat' dir='ltr'><em>C.</em></span> <span class='ocrx_word' id='word_1_172' title='bbox 1286 979 1420 1014; x_wconf 82' lang='lat' dir='ltr'><em>Caesar</em></span> 
     </span>
     <span class='ocr_line' id='line_1_19' title="bbox 73 1026 691 1062; baseline 0 -1"><span class='ocrx_word' id='word_1_173' title='bbox 73 1027 191 1062; x_wconf 85' lang='lat' dir='ltr'><em>utitur</em></span> <span class='ocrx_word' id='word_1_174' title='bbox 215 1027 283 1061; x_wconf 80' lang='lat' dir='ltr'><em>hac</em></span> <span class='ocrx_word' id='word_1_175' title='bbox 306 1027 448 1062; x_wconf 86' lang='lat' dir='ltr'><em>ratione</em></span> <span class='ocrx_word' id='word_1_176' title='bbox 473 1026 691 1061; x_wconf 87' lang='lat' dir='ltr'><em>declinandi.</em></span> 
     </span>
    </p>

    <p class='ocr_par' dir='ltr' id='par_1_5' title="bbox 66 1073 1420 1449">
     <span class='ocr_line' id='line_1_20' title="bbox 170 1073 1417 1118; baseline 0 -11"><span class='ocrx_word' id='word_1_177' title='bbox 170 1074 351 1108; x_wconf 82' lang='lat' dir='ltr'><em>Priscian.</em></span> <span class='ocrx_word' id='word_1_178' title='bbox 389 1074 480 1108; x_wconf 87' lang='lat' dir='ltr'><em>Inst.</em></span> <span class='ocrx_word' id='word_1_179' title='bbox 514 1073 585 1116; x_wconf 87' lang='lat' dir='ltr'><em>VI,</em></span> <span class='ocrx_word' id='word_1_180' title='bbox 618 1076 663 1108; x_wconf 80' lang='lat'><em>64</em></span> <span class='ocrx_word' id='word_1_181' title='bbox 696 1085 734 1118; x_wconf 90' lang='lat' dir='ltr'><em>p.</em></span> <span class='ocrx_word' id='word_1_182' title='bbox 766 1075 841 1108; x_wconf 77' lang='lat'><em>248</em></span> <span class='ocrx_word' id='word_1_183' title='bbox 878 1073 930 1108; x_wconf 91' lang='lat' dir='ltr'><em>ed.</em></span> <span class='ocrx_word' id='word_1_184' title='bbox 962 1073 1076 1108; x_wconf 71' lang='lat' dir='ltr'><em>Hertz</em></span> <span class='ocrx_word' id='word_1_185' title='bbox 1114 1073 1219 1117; x_wconf 85' lang='lat' dir='ltr'><em>(Keil</em></span> <span class='ocrx_word' id='word_1_186' title='bbox 1258 1073 1417 1108; x_wconf 79' lang='lat' dir='ltr'><em>Gramm.</em></span> 
     </span>
     <span class='ocr_line' id='line_1_21' title="bbox 73 1120 1420 1166; baseline 0.001 -12"><span class='ocrx_word' id='word_1_187' title='bbox 73 1120 157 1156; x_wconf 87' lang='lat' dir='ltr'><em>Lat.</em></span> <span class='ocrx_word' id='word_1_188' title='bbox 184 1122 256 1164; x_wconf 91' lang='lat' dir='ltr'><em>II).</em></span> <span class='ocrx_word' id='word_1_189' title='bbox 306 1121 355 1154; x_wconf 83' lang='lat' dir='ltr'><em>In</em></span> <span class='ocrx_word' id='word_1_190' title='bbox 392 1121 424 1155; x_wconf 91' lang='lat' dir='ltr'><em>is</em></span> <span class='ocrx_word' id='word_1_191' title='bbox 460 1121 663 1155; x_wconf 81' lang='lat' dir='ltr'><em>desinentia</em></span> <span class='ocrx_word' id='word_1_192' title='bbox 700 1121 844 1166; x_wconf 77' lang='lat' dir='ltr'><em>lonyam</em></span> <span class='ocrx_word' id='word_1_193' title='bbox 881 1121 1134 1165; x_wconf 88' lang='lat' dir='ltr'><em>cuiuscumque</em></span> <span class='ocrx_word' id='word_1_194' title='bbox 1170 1121 1245 1156; x_wconf 90' lang='lat' dir='ltr'><em>sint</em></span> <span class='ocrx_word' id='word_1_195' title='bbox 1280 1122 1420 1166; x_wconf 75' lang='lat' dir='ltr'><em>qeneris</em></span> 
     </span>
     <span class='ocr_line' id='line_1_22' title="bbox 73 1167 1418 1213; baseline 0.001 -12"><span class='ocrx_word' id='word_1_196' title='bbox 73 1167 215 1203; x_wconf 86' lang='lat' dir='ltr'><em>Latina</em></span> <span class='ocrx_word' id='word_1_197' title='bbox 240 1167 365 1202; x_wconf 88' lang='lat' dir='ltr'><em>ablata</em></span> <span class='ocrx_word' id='word_1_198' title='bbox 389 1179 417 1210; x_wconf 90' lang='lat' dir='ltr'><em>s,</em></span> <span class='ocrx_word' id='word_1_199' title='bbox 443 1168 573 1202; x_wconf 85' lang='lat' dir='ltr'><em>addita</em></span> <span class='ocrx_word' id='word_1_200' title='bbox 597 1168 644 1203; x_wconf 90' lang='lat' dir='ltr'><em>tis</em></span> <span class='ocrx_word' id='word_1_201' title='bbox 667 1168 813 1210; x_wconf 81' lang='lat' dir='ltr'><em>faciunt</em></span> <span class='ocrx_word' id='word_1_202' title='bbox 836 1168 1054 1213; x_wconf 62' lang='lat' dir='ltr'><em>genetivum,</em></span> <span class='ocrx_word' id='word_1_203' title='bbox 1084 1172 1126 1203; x_wconf 89' lang='lat' dir='ltr'><em>ut</em></span> <span class='ocrx_word' id='word_1_204' title='bbox 1150 1168 1236 1202; x_wconf 80' lang='lat' dir='ltr'><em>haec</em></span> <span class='ocrx_word' id='word_1_205' title='bbox 1261 1168 1306 1203; x_wconf 90' lang='lat' dir='ltr'><em>lis</em></span> <span class='ocrx_word' id='word_1_206' title='bbox 1331 1169 1418 1210; x_wconf 90' lang='lat' dir='ltr'><em>litis,</em></span> 
     </span>
     <span class='ocr_line' id='line_1_23' title="bbox 73 1215 1419 1258; baseline 0.001 -9"><span class='ocrx_word' id='word_1_207' title='bbox 73 1215 131 1249; x_wconf 81' lang='lat' dir='ltr'><em>hic</em></span> <span class='ocrx_word' id='word_1_208' title='bbox 162 1219 194 1250; x_wconf 85' lang='lat' dir='ltr'><em>et</em></span> <span class='ocrx_word' id='word_1_209' title='bbox 223 1215 310 1249; x_wconf 81' lang='lat' dir='ltr'><em>haec</em></span> <span class='ocrx_word' id='word_1_210' title='bbox 340 1215 398 1249; x_wconf 82' lang='lat' dir='ltr'><em>dis</em></span> <span class='ocrx_word' id='word_1_211' title='bbox 422 1215 527 1257; x_wconf 87' lang='lat' dir='ltr'><em>ditis,</em></span> <span class='ocrx_word' id='word_1_212' title='bbox 558 1215 655 1249; x_wconf 86' lang='lat' dir='ltr'><em>unde</em></span> <span class='ocrx_word' id='word_1_213' title='bbox 678 1215 718 1249; x_wconf 81' lang='lat' dir='ltr'><em>hi</em></span> <span class='ocrx_word' id='word_1_214' title='bbox 742 1220 775 1250; x_wconf 89' lang='lat' dir='ltr'><em>et</em></span> <span class='ocrx_word' id='word_1_215' title='bbox 798 1215 865 1249; x_wconf 80' lang='lat' dir='ltr'><em>hae</em></span> <span class='ocrx_word' id='word_1_216' title='bbox 889 1216 980 1250; x_wconf 88' lang='lat' dir='ltr'><em>dites</em></span> <span class='ocrx_word' id='word_1_217' title='bbox 1004 1219 1037 1250; x_wconf 91' lang='lat' dir='ltr'><em>et</em></span> <span class='ocrx_word' id='word_1_218' title='bbox 1060 1215 1147 1250; x_wconf 86' lang='lat' dir='ltr'><em>haec</em></span> <span class='ocrx_word' id='word_1_219' title='bbox 1170 1216 1284 1258; x_wconf 91' lang='lat' dir='ltr'><em>ditia,</em></span> <span class='ocrx_word' id='word_1_220' title='bbox 1315 1216 1419 1250; x_wconf 89' lang='lat' dir='ltr'><em>cuius</em></span> 
     </span>
     <span class='ocr_line' id='line_1_24' title="bbox 70 1262 1417 1307; baseline 0.001 -11"><span class='ocrx_word' id='word_1_221' title='bbox 70 1262 335 1297; x_wconf 83' lang='lat' dir='ltr'><em>nominativum</em></span> <span class='ocrx_word' id='word_1_222' title='bbox 359 1262 582 1307; x_wconf 73' lang='lat' dir='ltr'><em>sinqularem</em></span> <span class='ocrx_word' id='word_1_223' title='bbox 606 1262 647 1296; x_wconf 91' lang='lat' dir='ltr'><em>in</em></span> <span class='ocrx_word' id='word_1_224' title='bbox 671 1273 743 1296; x_wconf 90' lang='lat' dir='ltr'><em>usu</em></span> <span class='ocrx_word' id='word_1_225' title='bbox 766 1273 841 1296; x_wconf 91' lang='lat' dir='ltr'><em>non</em></span> <span class='ocrx_word' id='word_1_226' title='bbox 866 1263 999 1297; x_wconf 88' lang='lat' dir='ltr'><em>inveni.</em></span> <span class='ocrx_word' id='word_1_227' title='bbox 1038 1262 1138 1297; x_wconf 87' lang='lat' dir='ltr'><em>debet</em></span> <span class='ocrx_word' id='word_1_228' title='bbox 1155 1267 1275 1297; x_wconf 89' lang='lat' dir='ltr'><em>tamen</em></span> <span class='ocrx_word' id='word_1_229' title='bbox 1293 1274 1417 1298; x_wconf 87' lang='lat' dir='ltr'><em>secun-</em></span> 
     </span>
     <span class='ocr_line' id='line_1_25' title="bbox 70 1309 1419 1354; baseline 0.001 -10"><span class='ocrx_word' id='word_1_230' title='bbox 70 1309 158 1344; x_wconf 91' lang='lat' dir='ltr'><em>dum</em></span> <span class='ocrx_word' id='word_1_231' title='bbox 188 1309 399 1354; x_wconf 73' lang='lat' dir='ltr'><em>analoyiam</em></span> <span class='ocrx_word' id='word_1_232' title='bbox 429 1309 493 1344; x_wconf 81' lang='lat' dir='ltr'><em>hoc</em></span> <span class='ocrx_word' id='word_1_233' title='bbox 524 1309 597 1344; x_wconf 90' lang='lat' dir='ltr'><em>dite</em></span> <span class='ocrx_word' id='word_1_234' title='bbox 628 1320 709 1344; x_wconf 90' lang='lat' dir='ltr'><em>esse.</em></span> <span class='ocrx_word' id='word_1_235' title='bbox 759 1321 847 1343; x_wconf 90' lang='lat' dir='ltr'><em>nam</em></span> <span class='ocrx_word' id='word_1_236' title='bbox 878 1310 919 1343; x_wconf 93' lang='lat' dir='ltr'><em>in</em></span> <span class='ocrx_word' id='word_1_237' title='bbox 949 1310 982 1344; x_wconf 93' lang='lat' dir='ltr'><em>is</em></span> <span class='ocrx_word' id='word_1_238' title='bbox 1011 1310 1116 1352; x_wconf 69' lang='lat' dir='ltr'><em>finiri</em></span> <span class='ocrx_word' id='word_1_239' title='bbox 1145 1314 1314 1344; x_wconf 90' lang='lat' dir='ltr'><em>neutrum</em></span> <span class='ocrx_word' id='word_1_240' title='bbox 1343 1321 1419 1345; x_wconf 89' lang='lat' dir='ltr'><em>non</em></span> 
     </span>
     <span class='ocr_line' id='line_1_26' title="bbox 66 1356 1419 1401; baseline 0.001 -10"><span class='ocrx_word' id='word_1_241' title='bbox 66 1360 182 1401; x_wconf 87' lang='lat' dir='ltr'><em>potest</em></span> <span class='ocrx_word' id='word_1_242' title='bbox 214 1385 219 1390; x_wconf 98' lang='lat'><em>.</em></span> <span class='ocrx_word' id='word_1_243' title='bbox 243 1384 250 1391; x_wconf 90' lang='lat'><em>.</em></span> <span class='ocrx_word' id='word_1_244' title='bbox 273 1385 278 1390; x_wconf 96' lang='lat'><em>.</em></span> <span class='ocrx_word' id='word_1_245' title='bbox 305 1357 363 1392; x_wconf 82' lang='lat' dir='ltr'><em>hic</em></span> <span class='ocrx_word' id='word_1_246' title='bbox 394 1360 426 1392; x_wconf 87' lang='lat' dir='ltr'><em>et</em></span> <span class='ocrx_word' id='word_1_247' title='bbox 457 1357 542 1391; x_wconf 79' lang='lat' dir='ltr'><em>haee</em></span> <span class='ocrx_word' id='word_1_248' title='bbox 574 1356 720 1392; x_wconf 86' lang='lat' dir='ltr'><em>Samnis</em></span> <span class='ocrx_word' id='word_1_249' title='bbox 750 1357 860 1391; x_wconf 83' lang='lat' dir='ltr'><em>huius</em></span> <span class='ocrx_word' id='word_1_250' title='bbox 891 1356 1078 1391; x_wconf 82' lang='lat' dir='ltr'><em>Samnitis.</em></span> <span class='ocrx_word' id='word_1_251' title='bbox 1127 1357 1179 1391; x_wconf 92' lang='lat' dir='ltr'><em>sic</em></span> <span class='ocrx_word' id='word_1_252' title='bbox 1212 1356 1345 1392; x_wconf 85' lang='lat' dir='ltr'><em>Caesar</em></span> <span class='ocrx_word' id='word_1_253' title='bbox 1376 1358 1419 1392; x_wconf 86' lang='lat' dir='ltr'><em>de</em></span> 
     </span>
     <span class='ocr_line' id='line_1_27' title="bbox 71 1404 254 1449; baseline 0 -11"><span class='ocrx_word' id='word_1_254' title='bbox 71 1404 254 1449; x_wconf 73' lang='lat' dir='ltr'><em>analoqia.</em></span> 
     </span>
    </p>

    <p class='ocr_par' dir='ltr' id='par_1_6' title="bbox 70 1450 1418 1544">
     <span class='ocr_line' id='line_1_28' title="bbox 164 1450 1418 1495; baseline 0.001 -9"><span class='ocrx_word' id='word_1_255' title='bbox 164 1451 223 1486; x_wconf 85' lang='lat' dir='ltr'><em>De</em></span> <span class='ocrx_word' id='word_1_256' title='bbox 254 1451 337 1486; x_wconf 80' lang='lat' dir='ltr'><em>club.</em></span> <span class='ocrx_word' id='word_1_257' title='bbox 369 1451 504 1486; x_wconf 88' lang='lat' dir='ltr'><em>nomin.</em></span> <span class='ocrx_word' id='word_1_258' title='bbox 533 1451 620 1485; x_wconf 89' lang='lat' dir='ltr'><em>Keil</em></span> <span class='ocrx_word' id='word_1_259' title='bbox 650 1450 809 1485; x_wconf 82' lang='lat' dir='ltr'><em>Gramm.</em></span> <span class='ocrx_word' id='word_1_260' title='bbox 836 1451 920 1485; x_wconf 85' lang='lat' dir='ltr'><em>Lat.</em></span> <span class='ocrx_word' id='word_1_261' title='bbox 954 1451 989 1484; x_wconf 90' lang='lat' dir='ltr'><em>V</em></span> <span class='ocrx_word' id='word_1_262' title='bbox 1011 1462 1049 1495; x_wconf 89' lang='lat' dir='ltr'><em>p.</em></span> <span class='ocrx_word' id='word_1_263' title='bbox 1077 1453 1161 1494; x_wconf 82' lang='lat'><em>575,</em></span> <span class='ocrx_word' id='word_1_264' title='bbox 1188 1455 1244 1486; x_wconf 85' lang='lat'><em>11.</em></span> <span class='ocrx_word' id='word_1_265' title='bbox 1296 1452 1418 1487; x_wconf 79' lang='lat' dir='ltr'><em>Crinis</em></span> 
     </span>
     <span class='ocr_line' id='line_1_29' title="bbox 70 1498 941 1544; baseline -0.001 -11"><span class='ocrx_word' id='word_1_266' title='bbox 70 1498 208 1544; x_wconf 75' lang='lat' dir='ltr'><em>qeneris</em></span> <span class='ocrx_word' id='word_1_267' title='bbox 233 1498 439 1540; x_wconf 89' lang='lat' dir='ltr'><em>masculini,</em></span> <span class='ocrx_word' id='word_1_268' title='bbox 463 1502 505 1533; x_wconf 85' lang='lat' dir='ltr'><em>ut</em></span> <span class='ocrx_word' id='word_1_269' title='bbox 531 1498 665 1533; x_wconf 85' lang='lat' dir='ltr'><em>Caesar</em></span> <span class='ocrx_word' id='word_1_270' title='bbox 689 1498 732 1533; x_wconf 87' lang='lat' dir='ltr'><em>de</em></span> <span class='ocrx_word' id='word_1_271' title='bbox 757 1499 941 1544; x_wconf 74' lang='lat' dir='ltr'><em>analoqia.</em></span> 
     </span>
    </p>

    <p class='ocr_par' dir='ltr' id='par_1_7' title="bbox 67 1545 1417 1827">
     <span class='ocr_line' id='line_1_30' title="bbox 164 1545 1417 1591; baseline 0.001 -11"><span class='ocrx_word' id='word_1_272' title='bbox 164 1546 347 1581; x_wconf 86' lang='lat' dir='ltr'><em>Priscian.</em></span> <span class='ocrx_word' id='word_1_273' title='bbox 374 1545 440 1588; x_wconf 88' lang='lat' dir='ltr'><em>VI,</em></span> <span class='ocrx_word' id='word_1_274' title='bbox 467 1547 523 1580; x_wconf 88' lang='lat'><em>65.</em></span> <span class='ocrx_word' id='word_1_275' title='bbox 547 1557 584 1589; x_wconf 88' lang='lat' dir='ltr'><em>p.</em></span> <span class='ocrx_word' id='word_1_276' title='bbox 610 1548 683 1580; x_wconf 81' lang='grc'><em>249</em></span> <span class='ocrx_word' id='word_1_277' title='bbox 708 1546 760 1580; x_wconf 86' lang='lat' dir='ltr'><em>ed.</em></span> <span class='ocrx_word' id='word_1_278' title='bbox 781 1546 905 1581; x_wconf 64' lang='lat' dir='ltr'><em>Hertz.</em></span> <span class='ocrx_word' id='word_1_279' title='bbox 955 1546 1033 1580; x_wconf 84' lang='lat' dir='ltr'><em>Illa</em></span> <span class='ocrx_word' id='word_1_280' title='bbox 1058 1556 1196 1591; x_wconf 87' lang='lat' dir='ltr'><em>quoque</em></span> <span class='ocrx_word' id='word_1_281' title='bbox 1219 1551 1294 1581; x_wconf 88' lang='lat' dir='ltr'><em>tam</em></span> <span class='ocrx_word' id='word_1_282' title='bbox 1320 1547 1360 1580; x_wconf 90' lang='lat' dir='ltr'><em>in</em></span> <span class='ocrx_word' id='word_1_283' title='bbox 1386 1547 1417 1582; x_wconf 87' lang='lat' dir='ltr'><em>is</em></span> 
     </span>
     <span class='ocr_line' id='line_1_31' title="bbox 69 1593 1417 1638; baseline 0.001 -12"><span class='ocrx_word' id='word_1_284' title='bbox 69 1603 178 1637; x_wconf 90' lang='lat' dir='ltr'><em>quam</em></span> <span class='ocrx_word' id='word_1_285' title='bbox 208 1593 251 1627; x_wconf 89' lang='lat' dir='ltr'><em>in</em></span> <span class='ocrx_word' id='word_1_286' title='bbox 281 1604 319 1627; x_wconf 91' lang='lat' dir='ltr'><em>er</em></span> <span class='ocrx_word' id='word_1_287' title='bbox 342 1593 450 1636; x_wconf 70' lang='lat' dir='ltr'><em>finita</em></span> <span class='ocrx_word' id='word_1_288' title='bbox 474 1593 625 1627; x_wconf 88' lang='lat' dir='ltr'><em>nomina</em></span> <span class='ocrx_word' id='word_1_289' title='bbox 648 1593 811 1638; x_wconf 74' lang='lat' dir='ltr'><em>requlam</em></span> <span class='ocrx_word' id='word_1_290' title='bbox 835 1597 980 1628; x_wconf 89' lang='lat' dir='ltr'><em>servant</em></span> <span class='ocrx_word' id='word_1_291' title='bbox 1003 1594 1045 1627; x_wconf 89' lang='lat' dir='ltr'><em>in</em></span> <span class='ocrx_word' id='word_1_292' title='bbox 1069 1605 1107 1628; x_wconf 86' lang='lat' dir='ltr'><em>er</em></span> <span class='ocrx_word' id='word_1_293' title='bbox 1132 1594 1417 1637; x_wconf 66' lang='lat' dir='ltr'><em>terminatorum,</em></span> 
     </span>
     <span class='ocr_line' id='line_1_32' title="bbox 67 1640 1414 1685; baseline 0.001 -11"><span class='ocrx_word' id='word_1_294' title='bbox 67 1640 108 1674; x_wconf 84' lang='lat' dir='ltr'><em>id</em></span> <span class='ocrx_word' id='word_1_295' title='bbox 132 1644 183 1676; x_wconf 89' lang='lat' dir='ltr'><em>est</em></span> <span class='ocrx_word' id='word_1_296' title='bbox 207 1644 352 1685; x_wconf 87' lang='lat' dir='ltr'><em>accepta</em></span> <span class='ocrx_word' id='word_1_297' title='bbox 376 1641 408 1675; x_wconf 87' lang='lat' dir='ltr'><em>is</em></span> <span class='ocrx_word' id='word_1_298' title='bbox 432 1640 578 1683; x_wconf 78' lang='lat' dir='ltr'><em>faciunt</em></span> <span class='ocrx_word' id='word_1_299' title='bbox 600 1641 813 1685; x_wconf 72' lang='lat' dir='ltr'><em>yenetivum,</em></span> <span class='ocrx_word' id='word_1_300' title='bbox 837 1645 878 1676; x_wconf 90' lang='lat' dir='ltr'><em>ut</em></span> <span class='ocrx_word' id='word_1_301' title='bbox 902 1641 959 1675; x_wconf 85' lang='lat' dir='ltr'><em>hic</em></span> <span class='ocrx_word' id='word_1_302' title='bbox 979 1641 1103 1685; x_wconf 80' lang='lat' dir='ltr'><em>pulvis</em></span> <span class='ocrx_word' id='word_1_303' title='bbox 1128 1645 1161 1676; x_wconf 89' lang='lat' dir='ltr'><em>et</em></span> <span class='ocrx_word' id='word_1_304' title='bbox 1179 1641 1310 1685; x_wconf 81' lang='lat' dir='ltr'><em>pulver</em></span> <span class='ocrx_word' id='word_1_305' title='bbox 1330 1642 1414 1685; x_wconf 89' lang='lat' dir='ltr'><em>pul-</em></span> 
     </span>
     <span class='ocr_line' id='line_1_33' title="bbox 68 1688 1414 1730; baseline 0.002 -9"><span class='ocrx_word' id='word_1_306' title='bbox 68 1688 171 1730; x_wconf 88' lang='lat' dir='ltr'><em>veris,</em></span> <span class='ocrx_word' id='word_1_307' title='bbox 197 1688 254 1723; x_wconf 77' lang='lat' dir='ltr'><em>liic</em></span> <span class='ocrx_word' id='word_1_308' title='bbox 279 1688 437 1722; x_wconf 85' lang='lat' dir='ltr'><em>cucumis</em></span> <span class='ocrx_word' id='word_1_309' title='bbox 462 1691 494 1723; x_wconf 88' lang='lat' dir='ltr'><em>et</em></span> <span class='ocrx_word' id='word_1_310' title='bbox 518 1698 684 1722; x_wconf 87' lang='lat' dir='ltr'><em>cucumer</em></span> <span class='ocrx_word' id='word_1_311' title='bbox 708 1688 916 1730; x_wconf 84' lang='lat' dir='ltr'><em>cucumeris,</em></span> <span class='ocrx_word' id='word_1_312' title='bbox 941 1688 999 1722; x_wconf 79' lang='lat' dir='ltr'><em>hic</em></span> <span class='ocrx_word' id='word_1_313' title='bbox 1023 1688 1116 1723; x_wconf 91' lang='lat' dir='ltr'><em>cinis</em></span> <span class='ocrx_word' id='word_1_314' title='bbox 1140 1692 1173 1723; x_wconf 92' lang='lat' dir='ltr'><em>et</em></span> <span class='ocrx_word' id='word_1_315' title='bbox 1197 1689 1296 1723; x_wconf 91' lang='lat' dir='ltr'><em>ciner</em></span> <span class='ocrx_word' id='word_1_316' title='bbox 1321 1689 1414 1724; x_wconf 86' lang='lat' dir='ltr'><em>cine-</em></span> 
     </span>
     <span class='ocr_line' id='line_1_34' title="bbox 68 1735 1416 1780; baseline 0.001 -11"><span class='ocrx_word' id='word_1_317' title='bbox 68 1735 131 1777; x_wconf 85' lang='lat' dir='ltr'><em>ris,</em></span> <span class='ocrx_word' id='word_1_318' title='bbox 156 1735 214 1769; x_wconf 82' lang='lat' dir='ltr'><em>hic</em></span> <span class='ocrx_word' id='word_1_319' title='bbox 238 1735 350 1770; x_wconf 88' lang='lat' dir='ltr'><em>vomis</em></span> <span class='ocrx_word' id='word_1_320' title='bbox 375 1739 407 1770; x_wconf 90' lang='lat' dir='ltr'><em>et</em></span> <span class='ocrx_word' id='word_1_321' title='bbox 432 1746 549 1770; x_wconf 88' lang='lat' dir='ltr'><em>vomer</em></span> <span class='ocrx_word' id='word_1_322' title='bbox 573 1735 733 1770; x_wconf 88' lang='lat' dir='ltr'><em>vomeris.</em></span> <span class='ocrx_word' id='word_1_323' title='bbox 767 1739 955 1779; x_wconf 86' lang='lat' dir='ltr'><em>praeterea</em></span> <span class='ocrx_word' id='word_1_324' title='bbox 976 1735 1110 1770; x_wconf 84' lang='lat' dir='ltr'><em>Caesar</em></span> <span class='ocrx_word' id='word_1_325' title='bbox 1128 1736 1287 1770; x_wconf 84' lang='lat' dir='ltr'><em>declinat</em></span> <span class='ocrx_word' id='word_1_326' title='bbox 1304 1737 1416 1780; x_wconf 87' lang='lat' dir='ltr'><em>pubis</em></span> 
     </span>
     <span class='ocr_line' id='line_1_35' title="bbox 68 1782 1411 1827; baseline 0.001 -11"><span class='ocrx_word' id='word_1_327' title='bbox 68 1782 212 1826; x_wconf 83' lang='lat' dir='ltr'><em>puberis</em></span> <span class='ocrx_word' id='word_1_328' title='bbox 219 1795 232 1825; x_wconf 81' lang='grc'><em>,-</em></span> <span class='ocrx_word' id='word_1_329' title='bbox 252 1782 412 1827; x_wconf 87' lang='lat' dir='ltr'><em>quidam,</em></span> <span class='ocrx_word' id='word_1_330' title='bbox 425 1786 467 1818; x_wconf 87' lang='lat' dir='ltr'><em>ut</em></span> <span class='ocrx_word' id='word_1_331' title='bbox 480 1783 635 1825; x_wconf 88' lang='lat' dir='ltr'><em>Probus,</em></span> <span class='ocrx_word' id='word_1_332' title='bbox 649 1783 764 1826; x_wconf 88' lang='lat' dir='ltr'><em>pubes</em></span> <span class='ocrx_word' id='word_1_333' title='bbox 777 1783 939 1827; x_wconf 84' lang='lat' dir='ltr'><em>puberis,</em></span> <span class='ocrx_word' id='word_1_334' title='bbox 958 1783 1108 1827; x_wconf 90' lang='lat' dir='ltr'><em>quidam</em></span> <span class='ocrx_word' id='word_1_335' title='bbox 1122 1783 1239 1827; x_wconf 88' lang='lat' dir='ltr'><em>puber</em></span> <span class='ocrx_word' id='word_1_336' title='bbox 1252 1784 1411 1827; x_wconf 87' lang='lat' dir='ltr'><em>puberis.</em></span> 
     </span>
    </p>

    <p class='ocr_par' dir='ltr' id='par_1_8' title="bbox 66 1829 1413 1959">
     <span class='ocr_line' id='line_1_36' title="bbox 162 1829 1413 1874; baseline 0.001 -10"><span class='ocrx_word' id='word_1_337' title='bbox 162 1830 344 1864; x_wconf 85' lang='lat' dir='ltr'><em>Priscian.</em></span> <span class='ocrx_word' id='word_1_338' title='bbox 377 1829 443 1872; x_wconf 89' lang='lat' dir='ltr'><em>VI,</em></span> <span class='ocrx_word' id='word_1_339' title='bbox 469 1832 526 1864; x_wconf 90' lang='lat'><em>66.</em></span> <span class='ocrx_word' id='word_1_340' title='bbox 554 1841 593 1874; x_wconf 89' lang='lat' dir='ltr'><em>p.</em></span> <span class='ocrx_word' id='word_1_341' title='bbox 618 1832 693 1865; x_wconf 87' lang='lat'><em>250</em></span> <span class='ocrx_word' id='word_1_342' title='bbox 724 1830 776 1864; x_wconf 91' lang='lat' dir='ltr'><em>ed.</em></span> <span class='ocrx_word' id='word_1_343' title='bbox 802 1830 926 1865; x_wconf 64' lang='lat' dir='ltr'><em>Hertz.</em></span> <span class='ocrx_word' id='word_1_344' title='bbox 977 1830 1081 1864; x_wconf 87' lang='lat' dir='ltr'><em>Haec</em></span> <span class='ocrx_word' id='word_1_345' title='bbox 1112 1831 1224 1874; x_wconf 90' lang='lat' dir='ltr'><em>pollis</em></span> <span class='ocrx_word' id='word_1_346' title='bbox 1249 1831 1413 1874; x_wconf 84' lang='lat' dir='ltr'><em>pollinis.</em></span> 
     </span>
     <span class='ocr_line' id='line_1_37' title="bbox 66 1876 1412 1922; baseline 0.001 -11"><span class='ocrx_word' id='word_1_347' title='bbox 66 1876 118 1911; x_wconf 83' lang='lat' dir='ltr'><em>sic</em></span> <span class='ocrx_word' id='word_1_348' title='bbox 139 1876 339 1912; x_wconf 80' lang='lat' dir='ltr'><em>Charisius.</em></span> <span class='ocrx_word' id='word_1_349' title='bbox 380 1877 522 1912; x_wconf 88' lang='lat' dir='ltr'><em>Probus</em></span> <span class='ocrx_word' id='word_1_350' title='bbox 547 1881 667 1912; x_wconf 88' lang='lat' dir='ltr'><em>autem</em></span> <span class='ocrx_word' id='word_1_351' title='bbox 692 1881 724 1912; x_wconf 86' lang='lat' dir='ltr'><em>et</em></span> <span class='ocrx_word' id='word_1_352' title='bbox 744 1876 879 1912; x_wconf 83' lang='lat' dir='ltr'><em>Caesar</em></span> <span class='ocrx_word' id='word_1_353' title='bbox 899 1878 963 1912; x_wconf 80' lang='lat' dir='ltr'><em>hoc</em></span> <span class='ocrx_word' id='word_1_354' title='bbox 983 1878 1107 1922; x_wconf 86' lang='lat' dir='ltr'><em>pollen</em></span> <span class='ocrx_word' id='word_1_355' title='bbox 1126 1878 1281 1922; x_wconf 87' lang='lat' dir='ltr'><em>pollinis</em></span> <span class='ocrx_word' id='word_1_356' title='bbox 1306 1878 1412 1913; x_wconf 85' lang='lat' dir='ltr'><em>decli-</em></span> 
     </span>
     <span class='ocr_line' id='line_1_38' title="bbox 66 1928 254 1959; baseline 0.005 -1"><span class='ocrx_word' id='word_1_357' title='bbox 66 1928 254 1959; x_wconf 88' lang='lat' dir='ltr'><em>naverunt.</em></span> 
     </span>
    </p>

    <p class='ocr_par' dir='ltr' id='par_1_9' title="bbox 66 1971 1415 2114">
     <span class='ocr_line' id='line_1_39' title="bbox 164 1971 1415 2017; baseline 0.002 -11"><span class='ocrx_word' id='word_1_358' title='bbox 164 1971 303 2007; x_wconf 78' lang='lat' dir='ltr'><em>Charis.</em></span> <span class='ocrx_word' id='word_1_359' title='bbox 329 1972 357 2006; x_wconf 90' lang='grc' dir='ltr'><em>Ι</em></span> <span class='ocrx_word' id='word_1_360' title='bbox 378 1982 418 2016; x_wconf 90' lang='lat' dir='ltr'><em>p.</em></span> <span class='ocrx_word' id='word_1_361' title='bbox 445 1974 529 2014; x_wconf 88' lang='lat'><em>122,</em></span> <span class='ocrx_word' id='word_1_362' title='bbox 553 1974 602 2007; x_wconf 90' lang='grc'><em>29</em></span> <span class='ocrx_word' id='word_1_363' title='bbox 629 1972 678 2006; x_wconf 89' lang='grc' dir='ltr'><em>Κ.</em></span> <span class='ocrx_word' id='word_1_364' title='bbox 728 1972 786 2006; x_wconf 91' lang='lat' dir='ltr'><em>Ne</em></span> <span class='ocrx_word' id='word_1_365' title='bbox 810 1972 878 2006; x_wconf 88' lang='lat' dir='ltr'><em>illa</em></span> <span class='ocrx_word' id='word_1_366' title='bbox 902 1972 1046 2016; x_wconf 85' lang='lat' dir='ltr'><em>quidem</em></span> <span class='ocrx_word' id='word_1_367' title='bbox 1069 1972 1165 2007; x_wconf 85' lang='lat' dir='ltr'><em>ratio</em></span> <span class='ocrx_word' id='word_1_368' title='bbox 1189 1977 1329 2017; x_wconf 87' lang='lat' dir='ltr'><em>recepta</em></span> <span class='ocrx_word' id='word_1_369' title='bbox 1353 1977 1415 2016; x_wconf 82' lang='lat' dir='ltr'><em>cst,</em></span> 
     </span>
     <span class='ocr_line' id='line_1_40' title="bbox 66 2018 1410 2065; baseline 0.001 -13"><span class='ocrx_word' id='word_1_370' title='bbox 66 2029 173 2062; x_wconf 91' lang='lat' dir='ltr'><em>quam</em></span> <span class='ocrx_word' id='word_1_371' title='bbox 201 2018 244 2053; x_wconf 78' lang='lat' dir='ltr'><em>G.</em></span> <span class='ocrx_word' id='word_1_372' title='bbox 262 2018 395 2053; x_wconf 84' lang='lat' dir='ltr'><em>Caesar</em></span> <span class='ocrx_word' id='word_1_373' title='bbox 414 2019 522 2064; x_wconf 85' lang='lat' dir='ltr'><em>ponit</em></span> <span class='ocrx_word' id='word_1_374' title='bbox 546 2019 587 2053; x_wconf 89' lang='lat' dir='ltr'><em>in</em></span> <span class='ocrx_word' id='word_1_375' title='bbox 611 2019 811 2062; x_wconf 81' lang='lat' dir='ltr'><em>femininis,</em></span> <span class='ocrx_word' id='word_1_376' title='bbox 835 2023 876 2055; x_wconf 88' lang='lat' dir='ltr'><em>ut</em></span> <span class='ocrx_word' id='word_1_377' title='bbox 896 2020 1052 2064; x_wconf 88' lang='lat' dir='ltr'><em>puppim</em></span> <span class='ocrx_word' id='word_1_378' title='bbox 1076 2020 1197 2055; x_wconf 87' lang='lat' dir='ltr'><em>restim</em></span> <span class='ocrx_word' id='word_1_379' title='bbox 1218 2020 1352 2064; x_wconf 78' lang='lat' dir='ltr'><em>pelvim</em></span> <span class='ocrx_word' id='word_1_380' title='bbox 1377 2021 1410 2065; x_wconf 85' lang='lat'><em>†.</em></span> 
     </span>
     <span class='ocr_line' id='line_1_41' title="bbox 66 2065 1319 2114; baseline 0.001 -14"><span class='ocrx_word' id='word_1_381' title='bbox 66 2065 130 2100; x_wconf 81' lang='lat' dir='ltr'><em>hoc</em></span> <span class='ocrx_word' id='word_1_382' title='bbox 154 2066 249 2100; x_wconf 89' lang='lat' dir='ltr'><em>enim</em></span> <span class='ocrx_word' id='word_1_383' title='bbox 274 2067 377 2101; x_wconf 85' lang='lat' dir='ltr'><em>modo</em></span> <span class='ocrx_word' id='word_1_384' title='bbox 403 2071 435 2101; x_wconf 89' lang='lat' dir='ltr'><em>et</em></span> <span class='ocrx_word' id='word_1_385' title='bbox 459 2067 505 2101; x_wconf 88' lang='lat' dir='ltr'><em>ab</em></span> <span class='ocrx_word' id='word_1_386' title='bbox 529 2066 594 2101; x_wconf 83' lang='lat' dir='ltr'><em>hoc</em></span> <span class='ocrx_word' id='word_1_387' title='bbox 618 2067 704 2101; x_wconf 91' lang='lat' dir='ltr'><em>cani</em></span> <span class='ocrx_word' id='word_1_388' title='bbox 728 2067 886 2101; x_wconf 77' lang='lat' dir='ltr'><em>dicemus</em></span> <span class='ocrx_word' id='word_1_389' title='bbox 910 2071 943 2102; x_wconf 88' lang='lat' dir='ltr'><em>et</em></span> <span class='ocrx_word' id='word_1_390' title='bbox 967 2067 1012 2101; x_wconf 91' lang='lat' dir='ltr'><em>ab</em></span> <span class='ocrx_word' id='word_1_391' title='bbox 1037 2068 1102 2102; x_wconf 80' lang='lat' dir='ltr'><em>hoc</em></span> <span class='ocrx_word' id='word_1_392' title='bbox 1126 2066 1319 2114; x_wconf 81' lang='lat' dir='ltr'><em>iuv&lt;eni&gt;.</em></span> 
     </span>
    </p>

    <p class='ocr_par' dir='ltr' id='par_1_10' title="bbox 65 2112 1414 2348">
     <span class='ocr_line' id='line_1_42' title="bbox 163 2112 1414 2159; baseline 0.002 -12"><span class='ocrx_word' id='word_1_393' title='bbox 163 2112 302 2148; x_wconf 81' lang='lat' dir='ltr'><em>Charis.</em></span> <span class='ocrx_word' id='word_1_394' title='bbox 323 2114 351 2147; x_wconf 90' lang='lat' dir='ltr'><strong><em>I</em></strong></span> <span class='ocrx_word' id='word_1_395' title='bbox 365 2125 404 2158; x_wconf 92' lang='lat' dir='ltr'><em>p.</em></span> <span class='ocrx_word' id='word_1_396' title='bbox 425 2115 508 2156; x_wconf 85' lang='lat'><em>122,</em></span> <span class='ocrx_word' id='word_1_397' title='bbox 529 2116 574 2148; x_wconf 88' lang='lat'><em>13</em></span> <span class='ocrx_word' id='word_1_398' title='bbox 595 2113 644 2148; x_wconf 91' lang='lat' dir='ltr'><em>K.</em></span> <span class='ocrx_word' id='word_1_399' title='bbox 686 2114 855 2148; x_wconf 89' lang='lat' dir='ltr'><em>Omnium</em></span> <span class='ocrx_word' id='word_1_400' title='bbox 872 2115 1061 2149; x_wconf 88' lang='lat' dir='ltr'><em>nominum</em></span> <span class='ocrx_word' id='word_1_401' title='bbox 1079 2125 1171 2159; x_wconf 88' lang='lat' dir='ltr'><em>quae</em></span> <span class='ocrx_word' id='word_1_402' title='bbox 1188 2119 1274 2149; x_wconf 88' lang='lat' dir='ltr'><em>sunt</em></span> <span class='ocrx_word' id='word_1_403' title='bbox 1291 2115 1414 2150; x_wconf 88' lang='lat' dir='ltr'><em>neutri</em></span> 
     </span>
     <span class='ocr_line' id='line_1_43' title="bbox 65 2161 1411 2205; baseline 0.001 -11"><span class='ocrx_word' id='word_1_404' title='bbox 65 2161 204 2205; x_wconf 73' lang='lat' dir='ltr'><em>yeneris</em></span> <span class='ocrx_word' id='word_1_405' title='bbox 234 2165 267 2195; x_wconf 89' lang='lat' dir='ltr'><em>et</em></span> <span class='ocrx_word' id='word_1_406' title='bbox 296 2161 337 2195; x_wconf 91' lang='lat' dir='ltr'><em>in</em></span> <span class='ocrx_word' id='word_1_407' title='bbox 362 2173 379 2195; x_wconf 94' lang='lat' dir='ltr'><em>e</em></span> <span class='ocrx_word' id='word_1_408' title='bbox 410 2161 653 2196; x_wconf 87' lang='lat' dir='ltr'><em>terminantur</em></span> <span class='ocrx_word' id='word_1_409' title='bbox 678 2162 732 2196; x_wconf 90' lang='lat' dir='ltr'><em>ait</em></span> <span class='ocrx_word' id='word_1_410' title='bbox 758 2162 908 2196; x_wconf 89' lang='lat' dir='ltr'><em>Plinius</em></span> <span class='ocrx_word' id='word_1_411' title='bbox 934 2161 1122 2197; x_wconf 85' lang='lat' dir='ltr'><em>Caesarem</em></span> <span class='ocrx_word' id='word_1_412' title='bbox 1146 2162 1251 2196; x_wconf 90' lang='lat' dir='ltr'><em>scisse</em></span> <span class='ocrx_word' id='word_1_413' title='bbox 1275 2162 1411 2196; x_wconf 88' lang='lat' dir='ltr'><em>eosdem</em></span> 
     </span>
     <span class='ocr_line' id='line_1_44' title="bbox 66 2207 1410 2254; baseline 0.001 -13"><span class='ocrx_word' id='word_1_414' title='bbox 66 2217 136 2241; x_wconf 88' lang='lat' dir='ltr'><em>esse</em></span> <span class='ocrx_word' id='word_1_415' title='bbox 161 2207 336 2243; x_wconf 91' lang='lat' dir='ltr'><em>ablativos</em></span> <span class='ocrx_word' id='word_1_416' title='bbox 361 2209 483 2253; x_wconf 87' lang='lat' dir='ltr'><em>quales</em></span> <span class='ocrx_word' id='word_1_417' title='bbox 506 2213 592 2243; x_wconf 89' lang='lat' dir='ltr'><em>sunt</em></span> <span class='ocrx_word' id='word_1_418' title='bbox 616 2209 732 2243; x_wconf 87' lang='lat' dir='ltr'><em>dativi</em></span> <span class='ocrx_word' id='word_1_419' title='bbox 761 2209 974 2254; x_wconf 75' lang='lat' dir='ltr'><em>sinyulares.</em></span> <span class='ocrx_word' id='word_1_420' title='bbox 1025 2209 1082 2243; x_wconf 86' lang='lat' dir='ltr'><em>Ar</em></span> <span class='ocrx_word' id='word_1_421' title='bbox 1107 2209 1236 2243; x_wconf 89' lang='lat' dir='ltr'><em>litteris</em></span> <span class='ocrx_word' id='word_1_422' title='bbox 1260 2210 1410 2243; x_wconf 88' lang='lat' dir='ltr'><em>nomina</em></span> 
     </span>
     <span class='ocr_line' id='line_1_45' title="bbox 65 2254 1412 2300; baseline 0.003 -12"><span class='ocrx_word' id='word_1_423' title='bbox 65 2254 249 2289; x_wconf 86' lang='lat' dir='ltr'><em>neutralia</em></span> <span class='ocrx_word' id='word_1_424' title='bbox 279 2256 472 2291; x_wconf 88' lang='lat' dir='ltr'><em>terminata</em></span> <span class='ocrx_word' id='word_1_425' title='bbox 503 2256 587 2291; x_wconf 88' lang='lat' dir='ltr'><em>item</em></span> <span class='ocrx_word' id='word_1_426' title='bbox 616 2266 691 2290; x_wconf 88' lang='lat' dir='ltr'><em>non</em></span> <span class='ocrx_word' id='word_1_427' title='bbox 722 2257 843 2291; x_wconf 84' lang='lat' dir='ltr'><em>minus</em></span> <span class='ocrx_word' id='word_1_428' title='bbox 868 2257 923 2292; x_wconf 87' lang='lat' dir='ltr'><em>ait</em></span> <span class='ocrx_word' id='word_1_429' title='bbox 949 2256 1093 2298; x_wconf 85' lang='lat' dir='ltr'><em>Caesar,</em></span> <span class='ocrx_word' id='word_1_430' title='bbox 1118 2257 1206 2300; x_wconf 91' lang='lat' dir='ltr'><em>quia</em></span> <span class='ocrx_word' id='word_1_431' title='bbox 1231 2257 1354 2292; x_wconf 86' lang='lat' dir='ltr'><em>dativo</em></span> <span class='ocrx_word' id='word_1_432' title='bbox 1380 2261 1412 2292; x_wconf 89' lang='lat' dir='ltr'><em>et</em></span> 
     </span>
     <span class='ocr_line' id='line_1_46' title="bbox 66 2301 1194 2348; baseline 0.002 -13"><span class='ocrx_word' id='word_1_433' title='bbox 66 2301 224 2336; x_wconf 87' lang='lat' dir='ltr'><em>ablativo</em></span> <span class='ocrx_word' id='word_1_434' title='bbox 244 2303 333 2345; x_wconf 88' lang='lat' dir='ltr'><em>pari</em></span> <span class='ocrx_word' id='word_1_435' title='bbox 355 2303 434 2337; x_wconf 86' lang='lat' dir='ltr'><em>iure</em></span> <span class='ocrx_word' id='word_1_436' title='bbox 458 2303 678 2348; x_wconf 66' lang='lat' dir='ltr'><em>funguntur,</em></span> <span class='ocrx_word' id='word_1_437' title='bbox 702 2307 744 2338; x_wconf 89' lang='lat' dir='ltr'><em>ut</em></span> <span class='ocrx_word' id='word_1_438' title='bbox 767 2304 861 2338; x_wconf 88' lang='lat' dir='ltr'><em>idem</em></span> <span class='ocrx_word' id='word_1_439' title='bbox 887 2304 1036 2338; x_wconf 87' lang='lat' dir='ltr'><em>Plinius</em></span> <span class='ocrx_word' id='word_1_440' title='bbox 1061 2304 1194 2338; x_wconf 88' lang='lat' dir='ltr'><em>scribit.</em></span> 
     </span>
    </p>

    <p class='ocr_par' dir='ltr' id='par_1_11' title="bbox 66 2348 1409 2442">
     <span class='ocr_line' id='line_1_47' title="bbox 163 2348 1408 2394; baseline 0.004 -13"><span class='ocrx_word' id='word_1_441' title='bbox 163 2348 301 2383; x_wconf 83' lang='lat' dir='ltr'><em>Charis.</em></span> <span class='ocrx_word' id='word_1_442' title='bbox 327 2350 354 2383; x_wconf 91' lang='lat' dir='ltr'><strong><em>I</em></strong></span> <span class='ocrx_word' id='word_1_443' title='bbox 375 2361 412 2394; x_wconf 83' lang='lat' dir='ltr'><em>p.</em></span> <span class='ocrx_word' id='word_1_444' title='bbox 440 2353 522 2392; x_wconf 88' lang='lat'><em>119,</em></span> <span class='ocrx_word' id='word_1_445' title='bbox 548 2353 570 2384; x_wconf 86' lang='lat'><em>3</em></span> <span class='ocrx_word' id='word_1_446' title='bbox 596 2351 645 2384; x_wconf 90' lang='lat' dir='ltr'><em>K.</em></span> <span class='ocrx_word' id='word_1_447' title='bbox 695 2350 848 2386; x_wconf 88' lang='lat' dir='ltr'><em>Animal</em></span> <span class='ocrx_word' id='word_1_448' title='bbox 873 2351 1032 2385; x_wconf 85' lang='lat' dir='ltr'><em>animale</em></span> <span class='ocrx_word' id='word_1_449' title='bbox 1056 2351 1177 2393; x_wconf 79' lang='lat' dir='ltr'><em>faciet,</em></span> <span class='ocrx_word' id='word_1_450' title='bbox 1202 2355 1242 2386; x_wconf 83' lang='lat' dir='ltr'><em>ut</em></span> <span class='ocrx_word' id='word_1_451' title='bbox 1267 2356 1408 2386; x_wconf 86' lang='lat' dir='ltr'><em>autum-</em></span> 
     </span>
     <span class='ocr_line' id='line_1_48' title="bbox 66 2395 1409 2442; baseline 0.003 -12"><span class='ocrx_word' id='word_1_452' title='bbox 66 2395 131 2430; x_wconf 87' lang='lat' dir='ltr'><em>nal</em></span> <span class='ocrx_word' id='word_1_453' title='bbox 149 2397 370 2439; x_wconf 87' lang='lat' dir='ltr'><em>autumnale,</em></span> <span class='ocrx_word' id='word_1_454' title='bbox 390 2397 527 2442; x_wconf 89' lang='lat' dir='ltr'><em>capital</em></span> <span class='ocrx_word' id='word_1_455' title='bbox 545 2398 711 2442; x_wconf 87' lang='lat' dir='ltr'><em>capitale,</em></span> <span class='ocrx_word' id='word_1_456' title='bbox 730 2399 894 2434; x_wconf 86' lang='lat' dir='ltr'><em>tribunal</em></span> <span class='ocrx_word' id='word_1_457' title='bbox 912 2398 1113 2434; x_wconf 77' lang='lat' dir='ltr'><em>tribunale:</em></span> <span class='ocrx_word' id='word_1_458' title='bbox 1125 2409 1216 2442; x_wconf 84' lang='lat' dir='ltr'><em>quae</em></span> <span class='ocrx_word' id='word_1_459' title='bbox 1231 2399 1409 2442; x_wconf 84' lang='lat' dir='ltr'><em>patienda</em></span> 
     </span>
    </p>
   </div>
  </div>
 </body>
</html>
