1669 2574
209 107 292 148 112
600 105 794 140 BELLUM
819 104 1150 141 HISPANIENSE.

207 204 386 245 duorum
418 202 688 257 oppidorum,
722 202 772 243 ab
805 201 893 243 suis
925 202 1075 243 castris
1107 202 1275 244 circiter
1305 200 1424 242 milia
1454 215 1546 256 pas-

206 283 330 310 suum
361 279 429 309 1111
461 281 637 322 grumus
668 269 733 308 est
764 265 974 308 excellens
1004 270 1172 322 natura,
1204 267 1278 321 qui
1309 265 1548 321 appellatur

207 332 356 374 Castra
385 331 679 373 Postumiana:
715 331 775 372 ibi
806 331 1007 385 praesidii
1039 346 1165 373 causa
1196 331 1417 373 castellum
1449 329 1547 372 Cae-

207 412 275 439 sar
308 396 459 438 habuit
491 396 783 438 constitutum.

161 474 177 504 1
296 460 435 502 VIIII.
499 460 621 510 Quod
652 460 894 515 Pompeius,
927 461 1040 515 quod
1071 461 1216 502 eodem
1249 462 1348 516 iugo
1381 461 1548 515 tegeba-

206 529 276 568 tur
318 525 402 567 loci
446 528 598 567 natura
642 528 684 567 et
721 527 932 566 remotum
971 527 1061 566 erat
1098 540 1121 566 a
1158 526 1307 567 castris
1346 524 1550 579 Caesaris,

206 589 571 632 animadvertebat
600 590 683 632 loci
715 589 967 631 difficultate
1000 592 1058 639 et,
1091 590 1191 644 quia
1221 591 1394 632 flumine
1428 589 1549 631 Salso

205 654 585 709 intercludebatur,
623 670 708 697 non
740 670 830 697 esse
863 655 1193 696 commissurum
1226 654 1465 710 Caesarem,
1502 658 1550 697 ut

205 719 249 760 in
287 722 407 761 tanta
443 720 527 762 loci
565 720 816 762 difficultate
854 720 906 761 ad
944 720 1182 762 subsidium
1217 721 1472 763 mittendum
1506 736 1550 762 se

206 785 466 840 demitteret,
497 785 573 826 illa
603 785 736 826 fretus
769 785 969 839 opinione
1000 785 1127 826 tertia
1157 785 1305 840 vigilia
1335 786 1550 840 profectus

160 863 180 893 2
208 849 430 892 castellum
475 864 720 906 oppugnare
761 849 910 904 coepit.
980 849 1085 891 Cum
1130 850 1552 904 adpropinquassent,

207 915 392 956 clamore
436 915 657 970 repentino
702 914 884 956 telorum
927 914 1202 956 multitudine
1246 915 1380 956 iactus
1416 915 1552 957 facere

207 984 454 1035 coeperunt,
497 981 561 1021 uti
605 993 803 1035 magnam
843 982 1008 1034 partem
1045 979 1268 1021 hominum
1306 979 1552 1021 vulneribus

159 1058 180 1088 3
208 1046 446 1087 adficerent.
509 1044 601 1095 Quo
645 1047 816 1099 peracto
860 1059 957 1086 cum
1001 1059 1053 1086 ex
1097 1044 1271 1086 castello
1316 1058 1552 1100 repugnare

205 1111 444 1165 coepissent
474 1110 792 1164 maioribusque
824 1110 975 1151 castris
1009 1109 1201 1151 Caesaris
1233 1110 1410 1151 nuntius
1442 1112 1553 1151 esset

205 1175 384 1230 adlatus,
415 1190 512 1217 cum
543 1187 595 1216 111
625 1175 869 1230 legionibus
901 1178 966 1217 est
991 1175 1220 1230 profectus,
1253 1177 1301 1216 ut
1325 1175 1553 1216 laboranti-

204 1241 284 1282 bus
335 1243 598 1282 succurreret
647 1241 822 1295 nostris3
873 1243 915 1281 et
964 1255 1059 1282 cum
1110 1239 1162 1281 ad
1214 1254 1285 1281 eos
1330 1240 1553 1294 adpropin-

206 1309 389 1361 quasset,
413 1306 517 1361 fuga
541 1306 757 1360 perterriti
783 1305 908 1347 multi
937 1308 1037 1347 sunt
1063 1304 1288 1359 interfecti,
1315 1304 1553 1359 complures

207 1372 332 1426 capti,
358 1372 401 1412 in
432 1371 587 1426 quibus
615 1371 697 1412 duo
722 1371 995 1420 centurione&
1029 1370 1155 1411 multi
1180 1372 1397 1424 praeterea
1422 1370 1553 1411 armis

207 1437 324 1477 exuti
356 1437 573 1492 fugerunt,
605 1450 786 1490 quorum
819 1438 939 1477 scuta
970 1437 1072 1476 sunt
1102 1434 1237 1476 relata
1268 1446 1406 1475 LXXX.

161 1513 177 1543 1
295 1501 345 1543 X.
400 1500 648 1556 Insequenti
679 1500 771 1542 luce
804 1499 1039 1556 Arguetius
1072 1515 1123 1541 ex
1155 1499 1282 1541 Italia
1312 1515 1408 1541 cum
1440 1500 1553 1554 equi-

207 1569 298 1608 tatu
336 1567 464 1608 venit.
531 1565 574 1607 Is
612 1566 735 1621 signa
774 1564 1108 1621 Saguntinorum
1146 1565 1315 1606 rettulit
1355 1565 1555 1619 quinque,

162 1643 182 1673 2
210 1646 316 1685 quae
361 1632 412 1673 ab
453 1631 676 1686 oppidanis
714 1631 838 1685 cepit.
908 1629 993 1672 Suo
1031 1630 1125 1672 loco
1164 1630 1442 1685 praeteritum
1480 1632 1556 1683 est,

209 1696 322 1750 quod
365 1696 530 1751 equites
575 1711 627 1737 ex
663 1695 790 1737 Italia
833 1710 929 1737 cum
967 1694 1204 1749 Asprenate
1244 1695 1297 1736 ad
1335 1694 1556 1736 Caesarem

207 1761 434 1802 venissent.
495 1761 561 1802 Ea
598 1763 721 1802 nocte
753 1760 984 1815 Pompeius
1019 1762 1158 1802 castra
1189 1775 1265 1801 sua
1296 1760 1484 1801 incendit
1515 1762 1556 1801 et

161 1837 181 1867 3
209 1826 261 1867 ad
294 1825 533 1867 Cordubam
572 1841 719 1867 versus
758 1826 839 1867 iter
874 1826 1012 1867 facere
1050 1825 1200 1880 coepit.
1261 1824 1354 1866 Rex
1385 1825 1555 1866 nomine

208 1889 332 1944 Indo,
371 1890 443 1944 qui
482 1905 577 1932 cum
616 1891 808 1945 equitatu
846 1905 944 1932 suas
983 1890 1124 1944 copias
1164 1889 1413 1943 adduxerat,
1454 1889 1554 1930 dum

209 1955 403 2009 cupidius
436 1969 587 2010 agmen
619 1955 957 1997 adversariorum
984 1955 1234 2010 insequitur,
1267 1969 1291 1995 a
1318 1953 1554 1995 vernaculis

209 2020 455 2075 legionariis
489 2022 689 2074 exceptus
722 2023 786 2061 est
817 2023 860 2062 et
892 2020 1151 2062 interfectus.

164 2098 181 2127 1
298 2083 370 2126 XJ.
432 2085 609 2127 Postero
648 2085 714 2126 die
747 2086 911 2139 equites
943 2084 1079 2126 nostri
1110 2083 1282 2138 longius
1314 2083 1367 2124 ad
1399 2082 1554 2124 Cordu—

210 2151 308 2191 bam
352 2164 499 2191 versus
542 2150 756 2204 prosecuti
800 2152 900 2191 sunt
943 2163 1032 2203 eos,
1079 2148 1153 2203 qui
1197 2151 1458 2190 commeatus
1503 2148 1555 2189 ad

211 2218 350 2256 castra
379 2214 557 2269 Pompei
597 2229 648 2256 ex
686 2214 841 2269 oppido
879 2214 1118 2268 portabant.
1179 2213 1246 2254 Ex
1281 2213 1349 2254 his
1381 2213 1494 2267 capti
1527 2225 1554 2254 L

167 2291 187 2322 2
215 2295 310 2321 cum
348 2280 550 2321 iumentis
588 2279 640 2320 ad
672 2281 816 2320 nostra
848 2278 1019 2320 adducti
1051 2281 1152 2320 sunt
1183 2280 1330 2319 castra.
1392 2277 1556 2318 Eodem

214 2345 279 2386 die
313 2344 360 2395 Q.
391 2344 596 2399 Marcius,
633 2344 830 2386 tribunus
862 2343 1048 2385 militum
1081 2343 1154 2398 qui
1185 2343 1337 2385 fuisset
1368 2342 1556 2398 Pompei,
