1669 2574
290 113 346 153 34
643 111 839 146 BELLUM
864 110 1264 146 ALEXANDRINUM.

288 223 368 262 que
401 219 426 249 C
458 209 810 262 praepararemur
833 206 1118 260 pecuniaeque
1145 206 1472 247 discriberentur
1498 209 1621 260 atque
1662 251 1663 255 ,

287 272 612 326 imperarentur,
656 285 707 312 ne
754 285 837 324 qua
872 284 956 323 res,
1000 284 1095 310 cum
1137 270 1333 324 redisset,
1375 273 1621 312 moraretur.

239 347 260 376 4
286 336 465 377 Reditus
499 335 588 376 eius
619 335 703 375 fuit
729 334 904 376 celerior
936 334 1126 375 omnium
1153 334 1367 388 opinione:
1399 349 1484 376 non
1511 335 1622 376 6111111
1654 374 1655 377 ,

286 400 406 441 labor
438 402 510 440 aut
535 399 759 453 vigilantia
790 398 976 452 cupienti
1007 399 1256 452 praesertim
1289 398 1450 452 aliquid
1476 397 1621 439 Cassio

287 464 443 505 deerat.

242 539 258 568 1
373 526 464 568 LII.
512 527 717 569 Exercitu
762 530 905 568 coacto
950 526 993 567 in
1032 541 1163 567 unum
1203 527 1343 568 locum
1386 527 1535 568 castris
1572 527 1623 568 ad

289 590 527 633 Cordubam
552 592 704 646 positis
735 605 812 646 pro
839 591 1036 632 contione
1067 590 1276 631 militibus
1303 590 1488 644 exponit,
1520 605 1623 644 quas

287 671 353 697 res
395 655 584 698 Caesaris
626 656 744 697 iussu
789 669 933 710 gerere
977 655 1166 709 deberet,
1209 654 1518 709 polliceturque
1559 655 1623 709 iis,
1660 675 1661 685 ¹

288 736 383 762 cum
415 721 459 762 in
484 720 793 762 Mauretaniam
825 720 1071 772 traiecisset,
1104 719 1322 760 sestertios
1348 721 1548 760 centenos
1580 733 1623 760 se
1660 723 1661 774 J

241 795 260 825 2
289 787 503 840 daturum3
536 786 729 839 quintam
754 785 844 826 fore
870 785 914 825 in
939 782 1148 836 Hispania
1172 782 1393 837 legionem.
1436 782 1505 823 Ex
1530 797 1623 824 con·
1660 826 1661 831 ¹

287 851 402 892 tione
447 864 489 890 se
531 849 770 890 Cordubam
808 848 984 902 recepit,
1022 862 1155 902 eoque
1193 847 1285 901 ipso
1327 848 1393 888 die
1433 850 1623 901 tempore

286 913 617 968 postmeridiano
649 928 744 955 cum
770 913 814 953 in
840 913 1058 954 basilicam
1085 912 1183 966 iret,
1215 911 1385 965 quidam
1410 911 1623 953 Minucius

289 978 395 1031 Silo,
433 978 562 1019 cliens
600 977 646 1018 L.
679 976 856 1031 Racilii,
892 967 1102 1030 libellum,
1141 976 1262 1030 quasi
1300 976 1460 1030 aliquid
1491 976 1542 1017 ab
1575 990 1623 1017 60
1659 991 1660 1008 1

286 1042 538 1097 postularet,
581 1045 630 1083 ut
666 1041 791 1082 miles
830 1042 868 1082 ei
905 1042 1054 1096 tradit,
1099 1040 1247 1082 deinde
1284 1043 1384 1094 post
1412 1040 1624 1082 Racilium

286 1132 343 1136 —
377 1121 475 1147 nam
512 1106 548 1147 is
585 1106 698 1147 latus
731 1105 868 1147 Cassii
900 1106 1071 1160 tegebat
1101 1129 1175 1159 -,
1221 1105 1340 1159 quasi
1375 1119 1624 1159 responsum
1658 1157 1659 1163 ἵ

286 1174 466 1226 peteret,
508 1170 702 1212 celeriter
740 1171 838 1211 dato
875 1170 969 1211 1060
1002 1184 1097 1211 611111
1130 1184 1173 1210 se
1214 1169 1489 1224 insinuasset,
1527 1169 1623 1210 sini·
1658 1185 1659 1224 j

240 1245 259 1274 3
287 1238 376 1276 stra
399 1235 576 1288 corripit
602 1249 796 1276 aversum
824 1235 1055 1288 dextraque
1079 1234 1146 1275 bis
1172 1234 1271 1274 ferit
1295 1233 1492 1288 pugione.
1535 1232 1623 1274 Cla-

285 1313 402 1340 more
435 1298 602 1339 sublato
634 1298 684 1339 fit
716 1313 740 1339 a
772 1298 1002 1339 coniuratis
1038 1299 1221 1352 impetus
1253 1298 1475 1339 universis.
1532 1297 1622 1338 Mu—
1657 1330 1658 1343 ἢ

285 1364 426 1404 natius
456 1362 632 1403 Flaccus
669 1363 912 1417 proximum
948 1362 1087 1417 gladio
1120 1362 1265 1403 traicit
1295 1362 1506 1416 lictorem,
1543 1361 1623 1403 hoc
1655 1357 1657 1383 ³

238 1438 259 1467 4
286 1426 508 1467 interfecto
536 1425 581 1475 Q.
604 1425 797 1467 Cassium
828 1426 1017 1481 legatum
1043 1426 1248 1468 vulnerat.
1298 1425 1363 1466 Ibi
1395 1425 1441 1466 Τ.
1467 1425 1623 1468 Vasius
1656 1423 1657 1445 ³

286 1494 328 1532 et
356 1491 402 1532 L.
434 1489 634 1531 Mercello
667 1490 798 1531 simili
830 1491 1085 1532 confidentia
1114 1491 1331 1544 Flaccum,
1362 1490 1621 1544 municipem

285 1570 421 1609 suum,
453 1555 669 1595 adiuvant:
702 1558 822 1596 erant
853 1556 965 1596 enim
998 1570 1143 1597 omnes
1169 1554 1425 1596 Italicenses.
1475 1553 1536 1596 At
1560 1555 1621 1610 ip-
1654 1597 1655 1600 ,

285 1634 379 1660 sum
409 1618 651 1674 Longinum
681 1619 727 1660 L.
753 1618 942 1660 Licinius
976 1618 1167 1674 Squillus
1205 1618 1368 1661 involat
1398 1619 1622 1661 iacentem·
1654 1664 1655 1674 ἵ

286 1698 366 1737 que
395 1683 561 1724 levibus
593 1683 756 1724 sauciat
789 1683 941 1738 plagis.

240 1759 256 1788 1
370 1746 482 1788 LIII.
534 1746 812 1788 Concurritur
845 1748 897 1789 ad
929 1747 1121 1789 Cassium
1153 1748 1477 1789 defendendum:
1518 1763 1623 1790 sem-

284 1826 359 1864 per
401 1811 513 1852 enim
556 1811 743 1852 Berones
791 1812 1113 1867 compluresque
1152 1815 1346 1854 evocatos
1389 1827 1484 1853 cum
1527 1812 1652 1854 telis

239 1888 257 1917 2
285 1889 426 1916 secum
457 1875 611 1916 habere
638 1878 871 1917 consuerat.
924 1876 963 1918 A
990 1877 1145 1931 quibus
1178 1877 1305 1918 ceteri
1336 1876 1623 1918 intercludun-

285 1943 366 1994 tur,
399 1939 472 1994 qui
504 1940 557 1980 ad
583 1940 751 1981 caedem
783 1941 1019 1981 faciendam
1052 1941 1438 1996 subsequebantur3
1471 1955 1554 1995 quo
1580 1941 1624 1982 in

284 2018 459 2045 numero
491 2004 575 2045 fuit
609 2003 861 2058 Calpurnius
896 2004 1119 2046 Salvianus
1158 2008 1200 2046 et
1230 2004 1431 2046 Manilius
1466 2005 1623 2046 Tuseu-
1651 2008 1652 2011 ’

239 2080 258 2109 3
286 2068 365 2109 lus.
426 2067 639 2109 Minucius
684 2069 795 2109 inter
838 2083 956 2123 saxa,
1002 2084 1106 2123 quae
1150 2069 1344 2110 iacebant
1381 2069 1424 2110 in
1462 2069 1651 2123 11111616,

283 2132 451 2186 fugiens
490 2132 747 2186 opprimitur
786 2135 827 2173 et
868 2132 998 2174 relato
1039 2133 1210 2174 domum
1249 2132 1394 2173 Cassio
1435 2133 1487 2173 ad
1528 2148 1651 2174 eum

286 2197 519 2238 deducitur.
568 2196 756 2238 Racilius
789 2197 834 2237 in
865 2197 1103 2250 proximam
1129 2211 1172 2238 se
1199 2197 1371 2238 domum
1403 2197 1650 2238 familiaris

288 2261 353 2302 sui
387 2261 560 2315 confert,
593 2261 692 2302 dum
725 2263 885 2302 certum
916 2264 1199 2316 cognosceret,
1232 2261 1502 2303 confectusne
1530 2261 1650 2303 Cas-

239 2337 259 2366 4
288 2325 377 2366 sius
416 2328 535 2367 esset.
597 2325 642 2366 L.
681 2325 920 2366 Laterensis
960 2340 1054 2366 cum
1092 2325 1134 2366 id
1171 2340 1255 2366 non
1290 2325 1522 2380 dubitaret,
1557 2325 1622 2367 ad-
