1638 2600
558 110 659 146 CAP.
687 109 914 146 XIII-XVI.
1328 109 1411 150 115

65 209 343 252 consuetudo:
388 223 483 250 cum
522 222 650 262 eques
689 207 740 248 ad
776 206 1062 248 dimicandum
1095 207 1270 248 dimisso
1303 221 1411 262 equo

65 288 159 316 cum
197 273 340 328 pedite
379 272 669 328 congreditur,
707 286 974 326 nequaquam
1014 287 1090 326 par
1126 272 1323 326 habetur3
1369 271 1411 312 id

65 339 178 394 quod
216 339 259 380 in
297 338 378 380 hoc
410 337 563 379 accidit
594 336 767 392 proelio.
830 335 935 377 Cum
968 337 1131 391 pedites
1163 336 1246 378 levi
1279 351 1410 378 arma·
1438 346 1458 375 2

64 407 161 446 tura
190 402 289 445 lecti
322 403 374 444 ad
405 416 594 457 pugnam
626 401 840 457 equitibus
872 402 1031 443 nostris
1058 402 1411 457 necopinantibus

64 469 296 522 venissent,
335 468 461 522 idque
500 468 543 508 in
581 466 743 521 proelio
773 467 1113 508 animadversum
1147 471 1269 522 esset,
1302 482 1411 509 com—

63 532 205 588 plures
256 547 307 574 ex
352 532 472 587 equis
523 532 838 574 descenderunt.
912 531 979 573 Ita
1023 533 1175 588 exiguo
1220 536 1411 587 tempore
1438 541 1458 571 3

61 602 193 652 ‘eques
220 598 413 652 pedestre
447 597 594 652 [pedes
621 597 834 652 equestre]
861 597 1070 651 proelium
1096 598 1233 639 facere
1260 599 1412 653 coepit,

64 676 198 717 usque
231 677 292 716 eo,
325 665 373 703 ut
405 662 575 704 caedem
602 662 795 717 proxime
822 676 845 703 a
870 662 982 704 vallo
1009 663 1197 704 fecerint.
1251 662 1299 704 In
1328 678 1411 718 quo
1438 672 1460 702 4

64 727 226 782 proelio
259 727 599 769 adversariorum
631 727 873 769 ceciderunt
901 739 1057 782 CXXIII,
1089 727 1413 782 compluresque

65 793 194 834 armis
233 793 368 847 exuti,
413 792 540 834 multi
578 792 824 834 vulneribus
863 792 1016 834 adfecti
1055 793 1098 834 in
1138 796 1275 834 castra
1312 796 1414 834 sunt

65 858 235 900 redacti.
303 857 454 900 Nostri
499 858 742 899 ceciderunt
779 869 847 912 111,
891 858 1022 899 saucii
1060 870 1125 898 XII
1170 858 1333 912 pedites
1371 861 1414 900 et
1440 866 1460 896 5

66 924 231 978 equites
264 936 303 964 v.
354 923 462 964 Eius
495 923 579 964 diei
611 923 852 977 insequenti
884 926 1074 978 tempore
1107 923 1288 978 pristina
1318 938 1412 965 con-

67 989 290 1030 suetudine
323 1003 400 1043 pro
433 1002 555 1029 muro
587 988 769 1043 pugnari
802 991 999 1043 coeptum
1031 992 1105 1030 est.
1169 988 1275 1030 Cum
1307 989 1413 1030 bene
1440 996 1460 1027 6

63 1068 262 1109 magnam
301 1053 620 1095 multitudinem
659 1053 843 1094 telorum
882 1054 1108 1109 ignemque
1147 1055 1307 1096 nostris
1347 1055 1412 1096 de—

64 1119 335 1161 fendentibus
387 1118 648 1172 iniecissent,
703 1119 934 1160 nefandum
988 1119 1413 1174 crudelissimumque

63 1184 229 1226 facinus
261 1186 362 1225 sunt
394 1183 584 1238 adgressi
616 1183 660 1224 in
692 1187 1005 1239 conspectuque
1037 1188 1184 1227 nostro
1209 1184 1415 1239 hospites,

66 1249 139 1303 qui
177 1250 220 1290 in
259 1248 415 1303 oppido
449 1251 586 1301 erant,
624 1248 817 1303 iugulare
850 1251 892 1290 et
924 1249 973 1290 de
1006 1264 1128 1291 muro
1160 1250 1414 1304 praecipites

63 1314 233 1355 mittere
277 1315 523 1367 coeperunt,
567 1313 693 1354 sicuti
738 1314 850 1368 apud
894 1314 1114 1369 barbaros3
1161 1315 1273 1369 quod
1317 1319 1416 1369 post

64 1378 288 1420 hominum
320 1378 569 1419 memoriam
602 1392 835 1432 numquam
868 1382 932 1420 est
962 1379 1134 1421 factum.

153 1443 268 1485 XVI.
330 1442 472 1484 Huius
510 1443 592 1484 diei
631 1446 821 1485 extremo
860 1447 1050 1499 tempore
1089 1459 1112 1486 a
1143 1445 1415 1500 Pompeianis
1443 1453 1460 1482 1

68 1509 175 1551 clam
215 1509 305 1564 [ad]
344 1511 513 1550 nostros
546 1508 794 1550 tabellarius
825 1512 890 1550 est
922 1510 1095 1564 missus,
1134 1513 1182 1551 ut
1213 1525 1262 1552 ea
1293 1513 1416 1552 nocte

65 1577 203 1616 turres
230 1588 513 1630 aggeremque
540 1573 813 1615 incenderent
839 1577 881 1616 et
906 1576 1034 1617 tertia
1058 1575 1207 1630 vigilia
1230 1576 1415 1630 eruptio-

65 1655 161 1682 nem
199 1639 397 1681 facerent.
458 1637 525 1680 Ita
563 1638 661 1693 igne
698 1639 966 1694 telorumque
998 1639 1273 1681 multitudine
1306 1641 1417 1682 iacta
1442 1648 1462 1678 2

66 1719 162 1746 cum
205 1705 310 1746 bene
354 1717 553 1759 magnam
596 1706 762 1758 partem
807 1706 999 1758 temporis
1039 1705 1417 1760 consumpsissent,

66 1773 246 1824 portam,
278 1784 384 1824 quae
414 1784 436 1811 e
462 1769 635 1824 regione
662 1772 705 1810 et
730 1769 774 1810 in
800 1773 1029 1824 conspectu
1056 1770 1233 1825 Pompei
1260 1774 1416 1812 castro—

65 1849 160 1876 rum
203 1835 361 1888 fuerat,
405 1837 678 1889 aperuerunt,
723 1835 952 1890 copiaeque
996 1839 1112 1877 totae
1150 1836 1416 1890 eruptionem

67 1900 259 1942 fecerunt
288 1914 516 1954 secumque
542 1898 788 1941 extulerunt
813 1900 1012 1955 virgulta,
1038 1903 1174 1942 crates
1202 1901 1253 1942 ad
1278 1901 1416 1943 fossas

69 1965 338 2020 complendas
382 1967 424 2006 et
466 1963 734 2020 harpagones
778 1965 831 2006 ad
875 1980 1009 2020 casas,
1061 1980 1168 2020 quae
1212 1969 1416 2008 stramen-

67 2031 191 2072 ticiae
230 2031 281 2072 ab
320 2030 479 2072 nostris
516 2029 794 2071 hibernorum
833 2045 960 2072 causa
999 2031 1242 2073 aedificatae
1284 2035 1417 2086 erant,

71 2095 294 2137 diruendas
334 2098 376 2137 et
413 2094 714 2150 incendendas,
754 2099 973 2150 praeterea
1011 2099 1254 2151 argentum,
1292 2097 1416 2138 vesti-

70 2163 224 2215 menta,
255 2164 314 2215 ut,
347 2161 447 2202 dum
479 2160 616 2202 nostri
648 2160 692 2201 in
724 2161 879 2215 praeda
911 2162 1165 2216 detinentur,
1198 2162 1261 2203 illi
1293 2162 1418 2204 caede

69 2224 181 2265 facta
223 2225 275 2266 ad
317 2225 529 2280 praesidia
564 2225 743 2280 Pompei
787 2241 831 2268 se
869 2227 1122 2282 reciperent:
1167 2242 1264 2268 nam
1304 2228 1419 2282 quod

70 2289 341 2331 existimabat
389 2305 459 2332 eos
509 2306 634 2345 posse
679 2294 878 2334 conatum
923 2292 1108 2347 efficere,
1158 2294 1282 2333 nocte
1326 2295 1419 2334 tota

70 2355 183 2396 ultra
214 2354 354 2396 stabat
377 2356 535 2397 flumen
562 2356 729 2399 Salsum
763 2358 806 2399 in
834 2358 932 2400 acie.
985 2357 1106 2407 Quod
1132 2357 1291 2398 factum
1318 2357 1418 2400 licet
1444 2370 1464 2401 3
