1638 2600
193 138 271 173 VII.
309 137 460 174 LEGES
487 137 957 173 SENATUSCONSULTA
984 137 1217 173 DECRETA.
1297 138 1380 180 175

129 234 242 269 Schol.
271 233 360 269 Bob.
388 234 437 269 acl
461 234 493 268 h.
522 234 542 268 l.
571 244 608 278 p.
637 235 704 268 321
736 232 794 267 Or.
846 233 922 275 Eo,
955 233 1091 277 inquit,
1117 244 1216 269 anno
1241 234 1381 269 ditatas

31 288 100 325 est,
138 292 206 326 qao
243 282 299 316 lex
335 281 378 316 de
410 281 577 326 pecaniis
613 280 819 325 repetundis
851 281 928 315 lata
963 285 1013 315 est
1049 281 1094 315 ab
1132 281 1210 325 ipso
1248 282 1381 317 scilicet

36 330 198 366 Caesare.

130 376 200 411 Cic.
228 387 266 420 p.
292 375 378 410 Sest.
405 378 486 411 135.
537 375 710 411 Etiamne
753 375 846 417 eius,
891 386 991 419 quem
1028 386 1097 410 saa
1135 376 1207 422 leye
1244 381 1278 412 et
1313 387 1379 412 suo

33 424 202 468 beneficio
227 427 408 466 ornatam,
433 423 612 458 munitum
637 426 817 457 armatam
842 423 928 458 solet
951 422 1118 468 qloriari,
1143 423 1178 458 C.
1203 423 1381 467 Caesaris,

36 472 144 518 leqem
176 472 218 506 de
243 470 410 516 pecuniis
441 470 647 515 repetundis
678 479 752 504 non
777 474 887 514 putat
918 480 988 504 esse
1015 469 1149 515 legem?
1198 471 1251 507 Et
1274 472 1382 506 aiwnt

33 520 129 555 alios
153 529 236 562 esse,
261 518 324 563 qui
349 522 431 553 aeta
452 518 617 552 Caesaris
640 517 860 559 rescindant,
886 528 967 552 cam
991 517 1077 552 haec
1102 522 1249 562 optuma
1275 519 1332 554 leoe
1351 523 1383 554 et

31 567 80 602 ab
105 566 169 601 illo
193 576 310 601 socero
335 566 411 600 eius
436 570 468 600 et
493 565 538 599 ab
563 565 626 600 hoc
651 564 820 599 adsecula
845 564 1075 609 neyleyatnr!

132 613 204 648 Cic.
231 613 273 648 de
293 624 394 657 prov.
422 612 555 648 consul.
582 615 612 646 7.
663 611 801 646 Emisti
825 612 961 656 orandi
980 613 1156 656 pecunia,
1182 616 1223 647 ut
1247 613 1315 648 tibi
1340 613 1381 648 de

28 661 198 706 pecuniis
229 661 372 696 creditis
404 660 462 695 ius
492 660 533 694 in
564 659 692 694 liberos
712 659 867 704 populos
893 663 1017 694 contra
1043 663 1190 694 senatus
1215 660 1379 696 consalta

31 712 66 743 et
90 712 216 744 contra
243 707 349 753 legem
373 707 495 753 yeneri
520 707 575 742 tui
599 707 714 741 dicere
743 707 870 741 liceret.

171 826 288 860 LEX
311 825 392 860 DE
415 824 570 860 ACTIS
593 824 810 859 POMPEI
832 823 1255 860 CONFIRMANDIS

406 885 439 908 a.
466 884 501 907 a.
528 884 554 908 e.
583 871 895 907 DCLXXXXV
917 874 1009 915 (59).

128 938 205 973 Dio
232 938 329 973 Cass.
358 937 597 979 XXXVIII,
625 940 658 980 7,
685 939 716 971 5.
765 936 820 971 Τὰ
846 935 1064 982 πραχθέντα
1089 937 1162 972 ὑπὸ
1189 943 1254 972 τοῦ
1279 940 1381 983 Πομ-

32 984 148 1030 πηίου
173 984 296 1020 πάντα
322 985 410 1030 μήτε
435 990 500 1020 τοῦ
520 985 754 1020 Λουκούλλου
780 982 862 1028 μήτ’
881 983 992 1019 ἄλλου
1017 984 1119 1025 τινὸς
1143 985 1384 1027 ἀντιστάντος

33 1031 266 1079 ἐβεβαίωσεν.

129 1092 227 1137 App.
254 1092 347 1127 Bell.
376 1090 451 1126 Civ.
478 1091 534 1133 II,
553 1092 610 1126 13.
663 1090 816 1135 Νόμους
847 1089 882 1125 δ’
913 1088 1086 1135 ἐσέφερεν
1120 1091 1384 1136 ἐκθεραπεύων

29 1140 73 1174 τὸ
99 1141 245 1185 πλῆθος
270 1137 415 1183 ἑτέρους
439 1139 502 1173 καὶ
528 1138 572 1173 τὰ
588 1137 767 1185 Πομπηίῳ
792 1137 1036 1183 πεπραγμένα
1063 1137 1213 1174 ἅπαντα
1234 1140 1380 1185 ἐκύρου.

136 1199 223 1234 Vell.
249 1199 306 1242 II,
331 1201 390 1241 44,
414 1200 448 1233 2.

32 1317 152 1352 LEX
186 1317 267 1352 DE
301 1316 599 1352 SOCIETATE
636 1317 753 1353 CUM
787 1317 1123 1353 PTOLEMAEO
1159 1318 1385 1354 AULETE

160 1365 314 1400 REGE
338 1364 622 1400 FACIENDA
648 1376 680 1399 a.
708 1376 742 1399 a.
771 1376 797 1400 c.
825 1365 1139 1400 DCLXXXXV
1162 1369 1253 1410 (59).

129 1430 225 1466 Caes.
247 1430 292 1464 B.
310 1429 346 1465 C.
367 1430 447 1473 III,
467 1433 547 1465 107.
591 1429 782 1475 Superior-e
808 1430 1000 1466 consulam
1025 1441 1105 1466 cam
1125 1435 1232 1476 patre
1258 1431 1381 1467 Ptolo-

35 1488 138 1513 maeo
164 1482 197 1513 et
221 1478 294 1523 leye
318 1482 350 1513 et
374 1478 681 1513 senatusconsulto
705 1478 855 1513 societas
879 1482 956 1513 erat
981 1478 1092 1521 facta.

131 1536 201 1572 Cic.
223 1548 261 1582 p.
288 1537 382 1572 Rab.
410 1537 506 1572 Post.
535 1540 577 1580 6‚·
611 1537 660 1572 ad
684 1537 759 1573 Att.
786 1538 843 1580 II,
868 1540 928 1579 16,
946 1539 980 1572 2.

129 1596 225 1632 Suet.
252 1596 349 1632 Caes.
371 1599 427 1631 54.
467 1596 658 1632 Societates
683 1608 726 1631 ae
750 1607 863 1642 reyna
883 1597 1002 1641 pretio
1027 1597 1137 1639 dedit,
1162 1601 1204 1632 ut
1228 1597 1292 1642 qui
1315 1599 1385 1632 uni

32 1644 238 1727 ,3)τὲῖῖῖῖἓῖἇο
270 1655 384 1689 prope
420 1655 482 1679 sex
513 1644 617 1678 milia
648 1644 863 1679 talentorum
894 1655 959 1679 sno
991 1645 1210 1689 Pompeique
1240 1646 1383 1680 nornine

128 1751 205 1786 Dio
232 1750 329 1786 Cass.
358 1751 554 1793 XXXIX,
581 1753 639 1793 12,
664 1755 695 1786 1.

33 1867 152 1904 LEX
169 1869 250 1904 DE
265 1869 321 1904 CI
322 1869 524 1904 VITATE
539 1868 1383 1961 GALLgssggIIvlssng‘PADANISDANDA.

494 1929 526 1952 a.
554 1928 589 1951 u.
617 1928 643 1952 e.
736 1939 738 1942 ν
920 1945 926 1951 .

128 1980 204 2016 Dio
232 1981 329 2017 Cass.
357 1981 467 2025 XLI,
493 1984 550 2024 36,
578 1984 610 2016 3.
666 1984 753 2021 Τοῖς
778 1981 964 2022 Γαλάταις
987 1987 1065 2021 τοῖς
1090 1981 1193 2021 ἐντὸς
1218 1987 1290 2016 τῶν
1309 1979 1383 2015 ’Ἀλ-

34 2039 133 2063 πεων
165 2027 256 2072 ὑπὲρ
285 2029 349 2064 τὸν
376 2027 580 2072 Ἠριδανὸν
614 2029 755 2064 οἰκοῦσι
781 2029 849 2074 τὴν
874 2027 1063 2064 πολιτείαν
1090 2028 1153 2063 ἅτε
1179 2029 1242 2063 καὶ
1269 2028 1384 2072 ἄρξας

35 2076 157 2111 αὐτῶν
183 2074 363 2111 ἀπέδωκε.

188 2182 306 2217 LEX
327 2183 408 2218 DE
433 2183 488 2218 CI
492 2183 693 2218 VITATE
719 2182 1020 2218 GADITANIS
1041 2182 1236 2217 DANDA

491 2242 524 2265 a.
552 2243 587 2265 u.
614 2242 641 2266 c.
669 2230 811 2266 DCCV
834 2233 925 2274 (49).

130 2294 206 2329 Dio
233 2293 330 2330 Cass.
358 2295 474 2338 XLI,
498 2298 558 2338 24,
584 2300 615 2331 1.
669 2296 885 2339 Γαδειρεῦσι
911 2293 1102 2330 πολιτείαν
1127 2293 1268 2330 ἅπασιν
1294 2294 1383 2329 ἔδω-

37 2353 112 2385 κεν,
138 2340 185 2385 ἣν
211 2342 274 2376 καὶ
301 2341 319 2376 ὃ
346 2341 460 2387 δῆμός
485 2354 612 2387 σφισιν
638 2341 790 2386 ὕστερον
816 2342 1031 2385 ἐπεκύρωσε,

131 2400 212 2435 Liv.
241 2400 342 2444 Epit.
372 2401 448 2435 CX.
502 2402 701 2437 Gaditanis
726 2403 903 2437 civitatem
930 2402 1037 2436 dedit.
