1638 2600
490 106 591 142 CAP.
617 106 1031 145 XXXIIH—XXXVIII.
1352 109 1434 149 129

96 204 262 258 denses,
300 204 372 258 qui
411 218 462 244 ex
500 203 661 257 proelio
700 203 743 244 in
775 203 978 258 oppidum
1011 204 1308 259 confugerant,
1340 219 1435 245 cum

95 269 254 311 diutius
276 269 695 323 circumsederentur,
715 268 819 309 bene
839 268 964 309 multi
985 268 1242 311 deditionem
1263 268 1438 323 faciunt,

96 337 139 375 et
175 348 270 375 cum
306 336 447 375 essent
478 333 522 374 in
553 333 765 388 legionem
797 333 1035 388 distributi,
1073 334 1296 375 coniurant
1327 334 1439 375 inter

96 412 204 452 sese,
246 400 295 438 ut
337 400 466 439 noctu
511 398 633 453 signo
678 398 795 452 dato,
839 398 911 452 qui
955 398 999 439 in
1043 399 1199 452 oppido
1244 398 1439 453 fuissent,

95 454 360 518 eruptionem
410 463 614 517 facerent,
662 462 725 504 illi
768 463 936 504 caedem
982 463 1023 504 in
1069 464 1218 505 castris
1263 464 1438 505 admini—

94 530 288 569 strarent.
339 526 430 569 Hac
459 542 502 569 re
529 528 700 583 cognita
725 527 964 581 insequenti
991 530 1113 569 nocte
1139 528 1288 583 vigilia
1312 529 1439 571 tertia
1465 540 1485 570 5

94 595 253 634 tessera
285 592 384 633 data
415 595 535 633 extra
566 592 724 634 vallum
756 607 902 634 omnes
935 596 1035 634 sunt
1066 594 1234 635 concisi.

181 656 402 698 XXXVII.
462 656 738 712 Carteienses,
768 657 869 698 dum
901 657 1055 700 Caesar
1086 659 1129 699 in
1162 660 1312 701 itinere
1344 659 1437 701 reli·
1466 671 1482 701 1

94 737 177 776 qua
221 722 377 777 oppida
421 725 659 776 oppugnat,
702 725 876 776 propter
918 723 1170 777 Pompeium
1215 724 1439 766 dissentire

93 789 334 841 coeperunt.
373 786 476 827 Pars
503 789 604 841 erat,
628 801 734 841 quae
753 786 917 842 legatos
939 789 990 830 ad
1011 788 1233 831 Caesarem
1253 790 1439 844 miserat,

92 867 191 907 pars
223 855 325 906 erat,
357 852 429 906 qui
461 851 816 906 Pompeianarum
849 854 1034 907 partium
1065 854 1253 896 fautores
1286 857 1438 896 essent.

94 916 309 959 Seditione
342 917 553 958 concitata
583 920 727 971 portas
760 921 985 973 occupant,
1016 918 1163 960 caedes
1189 920 1240 960 fit
1264 933 1436 974 magna·
1463 930 1483 960 2
1529 915 1534 920 ’

93 983 261 1024 saucius
287 982 517 1036 Pompeius
547 997 674 1024 naves
700 995 763 1024 XX
790 986 967 1037 occupat
991 983 1141 1039 longas
1167 987 1209 1026 et
1236 984 1440 1039 profugit.

92 1047 259 1101 Didius,
285 1047 358 1102 qui
386 1046 575 1089 Gadibus
601 1047 725 1089 classi
751 1047 1016 1102 praefuisset,
1041 1048 1114 1102 [ad
1140 1050 1284 1104 quem]
1311 1049 1441 1091 simul

92 1113 268 1154 nuntius
314 1112 480 1154 adlatus
519 1115 600 1166 est,
644 1112 868 1154 confestim
907 1113 1028 1167 sequi
1066 1114 1222 1168 coepit3
1272 1113 1441 1155 Carteia

91 1177 255 1232 pedites
299 1179 342 1218 et
385 1176 603 1231 equitatus
647 1177 699 1218 ad
740 1178 1078 1232 persequendum
1123 1179 1316 1221 celeriter
1359 1180 1440 1220 iter

91 1242 303 1283 faciebant
352 1242 454 1283 item
500 1242 723 1284 confestim
769 1245 1085 1297 consequentes.
1160 1243 1320 1293 Quarto
1372 1244 1438 1285 die
1464 1256 1485 1286 3

90 1306 392 1362 navigationis,
442 1307 557 1361 quod
598 1307 797 1362 imparati
840 1322 865 1348 a
907 1306 1075 1349 Carteia
1117 1309 1297 1362 profecti
1348 1309 1437 1350 sine

89 1385 199 1425 aqua
240 1371 440 1426 fuissent,
483 1372 535 1412 ad
573 1375 729 1413 terram
768 1372 992 1427 adplicant.
1060 1372 1174 1414 Dum
1214 1377 1437 1428 aquantur,

90 1435 243 1478 Didius
276 1436 408 1478 classe
441 1437 635 1491 accurrit,
666 1452 793 1479 naves
825 1438 1025 1493 incendit,
1057 1438 1284 1480 nonnullas
1311 1439 1435 1494 capit.

176 1501 416 1544 XXXVIII.
458 1502 687 1557 Pompeius
714 1517 810 1544 cum
835 1504 981 1557 paucis
1007 1504 1200 1559 profugit
1226 1507 1268 1546 et
1294 1504 1435 1546 locum
1465 1518 1480 1547 1

89 1567 299 1621 quendam
331 1567 544 1608 munitum
577 1570 730 1609 natura
761 1571 950 1622 occupat.
1006 1569 1187 1624 Equites
1221 1572 1262 1611 et
1294 1569 1439 1611 cohor-

89 1635 166 1686 tes,
197 1647 306 1687 quae
339 1632 391 1673 ad
422 1633 761 1687 persequendum
794 1633 948 1674 missae
980 1636 1133 1687 essent,
1165 1634 1439 1687 speculatori-

88 1697 168 1738 bus
213 1698 457 1739 antemissis
502 1698 704 1739 certiores
748 1698 874 1740 fiunt:
919 1698 1030 1739 diem
1072 1701 1115 1740 et
1152 1701 1320 1740 noctem
1358 1699 1440 1741 iter

86 1762 260 1804 faciunt.
333 1763 563 1818 Pompeius
612 1763 790 1804 humero
842 1766 884 1804 et
931 1763 1105 1804 sinistro
1153 1778 1272 1805 crure
1316 1764 1437 1805 vehe-
1464 1778 1485 1808 2

87 1829 251 1869 menter
289 1831 380 1869 erat
417 1828 597 1870 saucius.
658 1827 754 1870 Hoc
785 1828 1028 1883 accedebat,
1063 1832 1111 1870 ut
1142 1829 1270 1871 etiam
1303 1830 1437 1871 talum

86 1892 346 1948 intorsisset3
385 1908 491 1948 quae
530 1909 597 1935 res
635 1893 818 1935 maxime
856 1892 1126 1947 impediebat.
1188 1892 1255 1935 Ita
1285 1893 1438 1936 lectica
1464 1908 1484 1938 3

86 1972 111 1998 a
147 1960 264 1999 turre
302 1973 397 1999 cum
436 1961 548 2000 esset
586 1958 773 2013 ablatus,
810 1958 854 1999 in
893 1973 942 2000 ea
972 1958 1189 2000 ferebatur
1219 1958 1438 2001 Lusitanis

90 2036 207 2064 more
256 2023 450 2078 militari3
500 2038 597 2065 cum
628 2022 834 2070 *Caesaris
882 2023 1095 2078 praesidio
1146 2023 1299 2065 fuisset
1342 2039 1438 2066 con-

87 2089 267 2142 spectus,
294 2088 485 2130 celeriter
507 2088 701 2143 equitatu
722 2088 1055 2143 cohortibusque
1078 2089 1437 2131 circumcluditur.

86 2151 193 2193 Erat
235 2168 428 2196 accessus
471 2153 555 2195 loci
606 2153 805 2196 difficilis.
874 2154 986 2196 Nam
1036 2154 1192 2195 idcirco
1243 2154 1437 2209 [propter
1463 2169 1485 2198 4

87 2230 163 2256 suo
200 2218 410 2270 praesidio
460 2219 615 2261 fuisset
664 2221 916 2274 conspectus
962 2218 1175 2273 celeriter]
1220 2220 1435 2261 munitum

85 2280 225 2322 locum
280 2286 432 2325 natura
486 2287 655 2339 ceperat
704 2285 788 2326 sibi
837 2284 1088 2340 Pompeius,
1143 2288 1189 2326 ut
1240 2286 1436 2339 quamvis

86 2359 284 2400 magnam
316 2348 635 2391 multitudinem
662 2350 832 2391 deducti
855 2352 987 2403 pauci
1015 2350 1208 2391 homines
1237 2365 1288 2391 ex
1315 2366 1435 2406 supe-
