1669 2574
270 100 326 141 42
628 99 825 134 BELLUM
850 99 1250 134 ALEXANDRINUM.

269 196 590 249 severitatisque
623 197 783 248 essent,
818 209 947 248 eaque
980 195 1120 235 omnia
1150 195 1342 250 flagitare
1375 195 1600 236 adventum
1653 188 1655 226 ἶ

269 275 393 301 suum
430 260 609 313 videret,
649 261 790 299 tamen
826 258 1145 313 praeferendum
1183 259 1459 313 existimavit,
1498 273 1600 313 quas
1668 285 1669 307 ;

269 324 313 364 in
344 323 582 378 provincias
620 323 898 377 regionesque
930 323 1131 376 venisset,
1173 338 1241 364 eas
1273 323 1334 364 ita
1364 322 1601 377 relinquere

269 388 541 441 constitutas,
579 389 627 428 ut
665 387 905 428 domesticis
938 387 1272 429 dissensionibus
1309 387 1601 442 liberarentur,
1668 378 1669 384 ¹

269 453 361 493 iura
392 453 590 507 legesque
623 452 876 506 acciperent,
915 454 1184 493 externorum
1221 452 1410 493 hostium
1441 454 1602 493 metum

222 527 242 557 2
270 516 536 570 deponerent.
597 515 714 557 Haec
751 517 795 557 in
828 515 968 569 Syria,
1001 514 1165 570 Cilicia,
1198 515 1303 557 Asia
1335 516 1527 558 celeriter
1557 531 1601 557 se
1654 512 1655 515 ¹

269 581 559 621 confecturum
591 581 798 635 sperabat,
831 580 943 634 quod
970 579 1049 620 hae
1080 580 1320 634 provinciae
1346 580 1464 622 nullo
1489 580 1601 622 bello

267 645 584 700 premebantur,
622 645 666 686 in
696 645 902 698 Bithynia
940 659 986 685 ac
1018 643 1154 685 Ponto
1192 645 1288 699 plus
1322 645 1459 686 oneris
1490 645 1600 686 vide·
1654 644 1655 647 '

220 719 241 749 3
268 709 341 750 bat
372 710 453 751 sibi
485 709 736 764 impendere.
784 708 884 750 Non
911 708 1139 750 excessisse
1166 709 1278 750 enim
1303 709 1441 751 Ponto
1472 708 1601 750 Phar·
1664 716 1666 724 ’

267 788 413 815 nacem
451 774 647 815 audiebat
690 789 825 828 neque
863 788 1133 814 excessurum
1169 774 1364 828 putabat,
1407 788 1502 815 cum
1541 788 1600 815 se-

268 838 403 879 cundo
440 838 601 892 proelio
633 838 903 879 vehementer
941 841 1051 879 esset
1088 838 1279 892 inflatus,
1312 838 1424 893 quod
1456 841 1602 880 contra

218 913 240 943 4
267 901 504 944 Domitium
532 902 753 944 Calvinum
778 903 945 944 fecerat.
1008 901 1302 943 Commoratus
1327 902 1414 944 fere
1446 902 1490 943 in
1516 917 1600 943 om-

265 967 391 1009 nibus
424 968 679 1021 civitatibus,
712 982 817 1021 quae
849 967 1006 1008 maiore
1039 969 1140 1007 sunt
1165 966 1384 1021 dignitate,
1414 967 1601 1021 praemia

264 1031 370 1072 bene
402 1032 566 1072 meritis
599 1035 640 1073 et
670 1032 870 1086 privatim
897 1033 938 1071 et
965 1030 1133 1084 publice
1165 1031 1330 1085 tribuit,
1362 1031 1411 1072 de
1437 1034 1600 1073 contro·
1652 1023 1653 1026 Ἴ

264 1096 414 1136 versiis
446 1096 661 1137 veteribus
694 1096 911 1150 cognoscit
943 1111 989 1137 ac
1022 1096 1189 1150 statuit,
1220 1109 1354 1151 reges,
1385 1098 1601 1151 tyrannos,

266 1160 465 1213 dynastas
496 1160 737 1214 provinciae
768 1160 986 1214 finitimos,
1019 1161 1091 1214 qui
1125 1175 1269 1201 omnes
1302 1160 1353 1201 ad
1385 1175 1481 1202 eum
1506 1175 1600 1202 con-

264 1227 502 1279 currerant,
545 1227 736 1279 receptos
777 1225 820 1266 in
861 1225 987 1266 fidem
1032 1224 1350 1266 condicionibus
1388 1225 1600 1279 impositis
1651 1220 1652 1223 ¹

263 1289 505 1343 provinciae
543 1289 722 1330 tuendae
760 1304 807 1331 ac
839 1289 1121 1331 defendendae
1154 1289 1334 1330 dimittit
1365 1292 1407 1331 et
1445 1289 1526 1330 sibi
1559 1293 1601 1331 et
1652 1327 1654 1339 ,Ἴ

263 1353 421 1407 populo
453 1352 646 1394 Romano
679 1353 968 1395 amicissimos.
1652 1353 1653 1357 ’

217 1428 235 1458 1
350 1416 501 1458 LXVI.
551 1417 702 1458 Paucis
742 1417 889 1458 diebus
927 1419 971 1459 in
1003 1433 1051 1459 ea
1087 1418 1305 1472 provincia
1335 1419 1598 1473 consumptis

265 1481 441 1524 Sextum
480 1480 718 1536 Caesarem,
757 1483 938 1523 amicum
977 1485 1020 1523 et
1050 1482 1333 1523 necessarium
1366 1497 1507 1537 suum,
1543 1483 1598 1525 le-
1652 1499 1653 1516 ἢ

263 1547 380 1602 gioni
419 1545 648 1600 Syriaeque
686 1547 894 1601 praeficit3
932 1547 1022 1600 ipse
1054 1546 1199 1587 eadem
1231 1546 1381 1600 classe,
1419 1561 1502 1601 qua
1531 1563 1597 1589 ve·
1652 1591 1653 1597 ¹

215 1622 235 1652 2
262 1613 393 1665 nerat,
424 1611 709 1664 proficiscitur
739 1611 783 1651 in
810 1610 1011 1652 Ciliciam.
1074 1609 1203 1652 Cuius
1235 1611 1474 1664 provinciae
1501 1612 1597 1654 civi-

261 1678 370 1716 tates
404 1690 548 1716 omnes
581 1677 728 1716 evocat
754 1675 944 1729 Tarsum,
976 1675 1089 1729 quod
1115 1675 1316 1729 oppidum
1346 1675 1434 1717 fere
1464 1678 1596 1719 totius
1651 1692 1652 1700 ¹

214 1751 235 1781 3
264 1738 434 1780 Ciliciae
472 1739 786 1781 nobilissimum
823 1739 1188 1794 fortissimumque
1229 1742 1304 1781 est.
1365 1738 1432 1781 Ibi
1471 1742 1596 1784 rebus
1650 1772 1651 1782 ,

262 1803 458 1843 omnibus
495 1803 737 1857 provinciae
776 1806 818 1844 et
854 1804 1132 1845 finitimarum
1170 1804 1407 1845 civitatium
1444 1807 1596 1848 consti·
1649 1830 1652 1851 ι,

261 1867 367 1909 tutis
401 1867 632 1920 cupiditate
663 1868 956 1921 proficiscendi
982 1868 1034 1908 ad
1064 1868 1224 1909 bellum
1257 1869 1486 1923 gerendum
1511 1885 1596 1912 non
1650 1862 1651 1900 Ῑ

261 1932 421 1973 diutius
446 1934 637 1972 moratur
662 1932 911 1986 magnisque
938 1932 1162 1973 itineribus
1188 1947 1263 1986 per
1289 1932 1595 1988 Cappadociam
1649 1958 1650 1961 =

262 1996 464 2038 confectis
502 1996 678 2036 biduum
710 1995 903 2037 Mazacae
935 1999 1220 2038 commoratus
1254 1996 1439 2038 Comana
1476 2001 1594 2050 venit,
1649 2014 1650 2040 1

259 2061 597 2102 vetustissimum
628 2063 670 2101 et
701 2061 998 2101 sanctissmum
1030 2061 1073 2101 in
1100 2059 1364 2115 Cappadocia
1394 2061 1594 2105 Bellonae

260 2125 484 2179 templum,
529 2124 640 2179 quod
683 2127 802 2165 tanta
844 2125 1047 2179 religione
1092 2125 1266 2179 colitur,
1309 2128 1358 2166 ut
1401 2128 1593 2169 sacerdos
1648 2129 1650 2176 J

261 2190 350 2231 eius
383 2189 482 2231 deae
514 2189 745 2243 maiestate,
777 2189 966 2243 imperio⁷
996 2189 1188 2242 potentia
1213 2190 1420 2232 secundus
1447 2207 1471 2232 a
1495 2206 1593 2247 rege
1648 2215 1651 2239 ῃ

212 2266 234 2295 4
261 2269 465 2295 consensu
493 2254 631 2308 gentis
656 2253 770 2294 illius
796 2252 1013 2295 habeatur.
1063 2252 1113 2294 Id
1136 2253 1300 2295 homini
1326 2255 1592 2298 nobilissimo

259 2318 487 2372 Lycomedi
519 2317 707 2372 Bithyno
740 2318 1006 2372 adiudicavit,
1042 2319 1114 2372 qui
1146 2320 1262 2374 regio
1298 2319 1592 2375 Cappadocum
