1638 2600
520 125 618 160 CAP.
645 125 1099 161 LXXXXI—LXXXXVI.
1398 127 1480 168 103

144 235 234 262 esse
268 221 437 274 deletas,
469 220 619 263 Uticae
652 221 872 263 Caesarem
904 222 994 263 sine
1026 237 1146 264 mora
1177 225 1403 277 receptum,
1436 223 1485 263 dc

143 287 262 326 tanto
295 286 480 327 exercitu
512 286 713 340 reliquias
746 301 836 328 esse
870 286 1026 341 nullas,
1065 288 1154 342 ipse
1194 288 1276 329 sibi
1314 288 1484 340 suisque

142 348 287 390 liberis
320 364 345 389 a
376 348 551 390 Caninio
584 351 853 405 proconsule,
892 351 965 405 qui
998 366 1093 392 eum
1129 352 1366 406 obsidebat,
1401 351 1484 392 fide

143 415 314 467 accepta
352 428 478 467 seque
520 416 562 454 et
606 429 682 455 sua
725 415 866 456 omnia
909 418 951 456 et
995 416 1198 470 oppidum
1241 415 1484 471 proconsuli

143 478 283 519 tradit.

230 541 527 584 LXXXXIIII.
588 543 682 584 Rex
713 543 883 585 interim
916 545 968 585 ab
1005 546 1202 587 omnibus
1240 545 1484 587 civitatibus
1510 555 1528 586 1

141 607 336 649 exclusus
369 608 589 662 desperata
614 608 749 649 salute
781 622 876 649 cum
908 609 992 650 iam
1026 613 1226 651 coenatus
1252 612 1362 651 esset
1387 624 1483 651 cum

141 672 321 726 Petreio,
352 675 401 713 ut
432 687 527 713 cum
552 673 710 714 virtute
736 672 948 714 interfecti
975 687 1065 714 esse
1090 674 1345 728 viderentur,
1370 674 1481 714 ferro

143 738 253 779 inter
285 752 328 778 se
361 737 616 791 depugnant,
650 739 776 790 atque
800 737 963 778 firmior
987 738 1309 780 imbecilliorem
1333 737 1482 779 Iubam

140 802 333 844 Petreius
377 801 499 843 facile
544 802 656 843 ferro
704 802 978 856 consumpsit.
1050 802 1213 844 Deinde
1262 803 1352 857 ipse
1400 802 1483 844 sibi
1508 813 1528 843 2

139 882 236 908 cum
268 869 491 908 conaretur
522 866 662 921 gladio
694 865 870 907 traicere
901 869 1049 920 pectus
1081 882 1157 909 nec
1193 870 1354 922 posset,
1391 881 1481 920 pre-

140 932 260 973 cibus
292 946 316 971 a
347 945 467 972 servo
500 945 576 972 suo
609 931 864 985 impetravit,
894 933 943 971 ut
974 946 1018 972 se
1050 931 1323 985 interficeret,
1355 930 1480 985 idque

140 995 335 1037 obtinuit.

227 1059 478 1100 LXXXXV.
539 1058 585 1100 P.
620 1058 772 1100 Sittius
810 1059 983 1101 interim
1020 1060 1143 1114 pulso
1185 1061 1371 1102 exercitu
1410 1059 1480 1101 Sa-
1509 1072 1525 1101 1

139 1125 309 1178 bui-rae,
351 1124 553 1178 praefecti
591 1123 739 1178 Iubae,
783 1124 958 1178 ipsoque
1000 1125 1221 1167 interfecto
1263 1140 1358 1166 cum
1400 1125 1482 1166 iter

138 1204 235 1231 cum
272 1188 417 1243 paucis
456 1188 549 1243 [per
585 1188 914 1243 Mauretaniam]
960 1189 1012 1230 ad
1052 1189 1272 1232 Caesarem
1313 1190 1481 1243 faceret,

135 1255 246 1296 forte
273 1253 422 1294 incidit
446 1253 491 1294 in'
515 1252 721 1293 Faustum
743 1252 1067 1308 Afraniumque,
1093 1255 1166 1309 qui
1192 1270 1284 1296 eam
1308 1269 1481 1295 manum

136 1319 368 1372 habebant,
406 1332 488 1372 qua
524 1317 694 1359 Uticam
733 1317 1013 1372 diripuerant,
1051 1319 1214 1373 iterque
1251 1320 1295 1360 in
1328 1318 1480 1372 Hispa-

136 1384 251 1425 niam
283 1381 558 1423 intendebant
590 1384 632 1422 et
663 1384 782 1422 erant
813 1397 987 1424 numero
1021 1383 1191 1424 circiter
1221 1383 1349 1424 mille.
1398 1382 1479 1424 Ita·
1497 1395 1525 1424 ‘2

137 1463 218 1503 que
252 1447 443 1488 celeriter
473 1449 680 1488 nocturno
719 1449 908 1500 tempore
946 1448 1111 1489 insidiis
1152 1448 1370 1502 dispositis
1408 1463 1479 1490 eos

136 1513 274 1567 prima
315 1512 408 1553 luce
453 1511 625 1552 adortus
668 1515 837 1566 praeter
879 1527 1036 1566 paucos
1081 1514 1262 1568 equites,
1311 1514 1384 1568 qui
1428 1529 1480 1555 ex

136 1578 273 1632 primo
306 1577 474 1631 agmine
505 1576 720 1631 fugerant,
759 1576 945 1631 reliquos
984 1578 1057 1617 aut
1088 1577 1301 1619 interfecit
1332 1580 1405 1618 aut
1435 1577 1478 1618 in

137 1642 395 1683 deditionem
422 1641 593 1695 accepit,
625 1640 851 1682 Afranium
878 1644 920 1683 et
942 1640 1150 1683 Faustum
1177 1656 1272 1683 cum
1301 1643 1478 1697 coniuge

136 1710 179 1749 et
208 1706 355 1748 liberis
385 1706 506 1747 vivos
537 1706 661 1760 capit.
723 1705 875 1747 Paucis
908 1708 1006 1760 post
1038 1705 1186 1747 diebus
1220 1706 1479 1748 dissensione
1505 1717 1525 1747 3

136 1772 180 1813 in
224 1771 412 1813 exercitu
456 1773 550 1812 orta
590 1770 775 1812 Faustus
820 1773 862 1811 et
901 1770 1104 1812 Afranius
1148 1771 1478 1827 interficiuntur3

136 1837 362 1892 Pompeiae
411 1850 506 1877 cum
549 1835 698 1877 Fausti
745 1835 891 1876 liberis
943 1833 1095 1876 Caesar
1143 1835 1478 1877 incolumitatem

137 1916 295 1956 suaque
328 1901 469 1942 omnia
499 1901 716 1942 concessit.

223 1963 498 2007 LXXXXVI.
572 1963 713 2019 Scipio
764 1964 935 2006 interim
985 1978 1080 2006 cum
1126 1963 1386 2019 Damasippo
1436 1968 1479 2006 et
1506 1977 1523 2005 1

137 2029 351 2084 Torquato
398 2032 440 2071 et
482 2028 695 2071 Plaetorio
741 2029 950 2070 Rustiano
1000 2029 1180 2070 navibus
1222 2028 1362 2084 longis
1407 2029 1478 2070 diu

138 2093 402 2149 multumque
439 2094 584 2136 iactati
623 2109 718 2135 cum
754 2093 1007 2148 Hispaniam
1044 2096 1254 2148 peterent,
1293 2094 1345 2134 ad
1374 2093 1478 2148 Hip-

138 2172 289 2211 ponem
313 2159 477 2213 regium
504 2158 762 2213 deferuntur,
793 2158 867 2199 ubi
900 2158 1045 2200 classis
1077 2158 1124 2200 P.
1152 2157 1269 2200 Sittii
1301 2158 1344 2199 id
1375 2161 1477 2200 tem-

139 2222 252 2275 poris
279 2226 376 2264 erat.
425 2222 466 2264 A
491 2238 576 2278 qua
597 2223 798 2278 pauciora
817 2223 868 2264 ab
896 2223 1172 2278 amplioribus
1193 2224 1479 2264 circumventa
1504 2235 1523 2264 2

139 2286 307 2340 navigia
350 2287 661 2342 deprimuntur,
705 2287 849 2342 ibique
894 2286 1036 2342 Scipio
1081 2303 1177 2329 cum
1223 2287 1326 2342 illis,
1371 2302 1477 2342 quos

137 2349 262 2403 paulo
295 2353 389 2392 ante
420 2352 647 2407 nominavi,
678 2352 850 2394 interiit.
