1669 2574
687 506 1104 554 PRAEFATIO.

349 698 394 734 ln
426 696 695 735 constituendo
728 697 838 732 textu
869 694 1252 742 commentariorum,
1288 694 1354 742 qui
1385 693 1563 730 feruntur

233 758 278 793 de
311 756 423 793 bellis
451 754 727 802 Alexandrino,
759 754 905 801 Africo⁷
936 751 1199 800 Hispaniensi,
1231 752 1326 789 satis
1355 751 1562 788 habuimus

233 815 387 852 eosdem
417 814 537 851 libros
568 812 854 860 manuscriptos
879 811 1072 859 adhibere⁷
1105 809 1244 858 quibus
1273 810 1334 847 usi
1365 822 1495 847 sumus
1521 810 1562 846 in

233 874 390 911 edendis
427 871 715 909 commentariis
754 871 798 906 de
837 870 939 907 bello
978 869 1084 906 civili
1122 868 1292 916 scriptis3
1335 880 1562 916 persuasum

233 932 335 969 enim
371 931 558 968 habemus
597 941 667 966 nos
706 929 859 966 etiamsi
896 928 1063 965 aliorum
1101 926 1276 964 codicum
1313 927 1392 964 sive
1431 938 1561 974 super-

233 991 369 1027 stitum
401 989 481 1026 sive
513 988 803 1036 deperditorum
833 986 1019 1023 lectiones
1054 985 1393 1035 congessissemus,
1430 986 1562 1022 tamen

233 1049 331 1086 nihil
362 1048 604 1096 profecturos
635 1046 754 1082 fuisse
793 1045 842 1082 ad
880 1044 1022 1081 codicis
1060 1043 1262 1092 archetypi
1292 1044 1333 1094 β,
1372 1055 1447 1092 quo
1483 1055 1560 1080 uno

233 1105 503 1144 commentarii
530 1104 642 1142 nobis
669 1104 806 1140 edendi
831 1103 969 1140 traditi
995 1104 1100 1152 sunt⁷
1132 1102 1318 1140 lectiones
1344 1102 1562 1139 accuratius

234 1164 530 1214 cognoscendas.
599 1162 792 1206 Quoniam
835 1163 966 1198 autem
1007 1162 1053 1198 de
1092 1160 1287 1198 codicibus
1328 1160 1425 1209 ipsis
1467 1160 1562 1197 satis

234 1224 380 1260 dictum
418 1223 476 1259 est
513 1222 555 1258 in
591 1220 834 1269 praefatione
864 1220 962 1258 tomi
994 1219 1151 1256 secundi
1183 1219 1364 1256 editionis
1394 1220 1562 1266 nostrae,

233 1283 375 1330 restat,
425 1282 470 1317 ut
513 1279 652 1328 quibus
695 1278 876 1316 subsidiis
920 1277 1045 1315 adiuti
1091 1279 1325 1326 apparatum
1374 1277 1562 1326 criticum,

234 1353 349 1389 quem
386 1338 535 1387 dicunt,
568 1336 912 1385 composuerimus,
947 1336 1118 1373 breviter
1153 1336 1376 1373 indicemus.
1432 1335 1561 1383 Atque

233 1400 278 1435 ut
309 1397 508 1435 ordiamur
538 1395 586 1433 ab
619 1408 663 1433 eo
696 1394 986 1444 commentario⁷
1019 1394 1085 1443 qui
1111 1396 1170 1431 est
1195 1395 1240 1431 de
1265 1394 1368 1431 bello
1394 1393 1561 1430 Alexan-

234 1457 356 1503 drino,
389 1455 564 1493 codicum
590 1453 615 1490 S
642 1455 680 1491 et
704 1453 755 1489 W
780 1453 1029 1490 collationem
1059 1453 1100 1489 in
1130 1454 1306 1490 nostrum
1336 1464 1449 1489 usum
1474 1464 1563 1489 con-

233 1515 327 1552 fecit
363 1514 552 1551 Henricus
590 1513 829 1562 Rostagnus,
868 1524 985 1560 quam
1022 1511 1169 1560 publici
1205 1511 1301 1548 iuris
1331 1510 1492 1548 fecimus
1521 1510 1564 1547 in

234 1574 333 1611 actis
376 1571 688 1609 hebdomadariis
729 1570 776 1607 ab
814 1570 1038 1607 Andreseno
1080 1569 1194 1606 editis
1232 1564 1565 1621 (Wochenschrift

234 1633 298 1669 fiir
341 1630 551 1668 klassische
588 1629 808 1678 Philologie
849 1629 957 1667 1895
996 1628 1063 1665 Nr.
1091 1623 1295 1680 45—47).
1356 1627 1564 1664 Praeterea

235 1690 404 1728 codicem
432 1688 456 1726 S
482 1688 594 1726 nobis
613 1688 780 1725 contulit
798 1687 989 1724 Rudolfus
1007 1686 1134 1736 Helm,
1161 1686 1331 1724 codicem
1349 1685 1400 1722 W
1418 1685 1564 1723 Paulus

234 1747 506 1785 Hildebrandt.
550 1746 762 1794 Utriusque
787 1746 910 1795 igitur
928 1745 1019 1782 libri
1039 1745 1185 1794 egregii
1203 1744 1315 1782 binas
1335 1744 1564 1782 collationes

235 1807 340 1844 nacti
372 1817 502 1843 sumus
538 1818 608 1853 per
637 1804 948 1842 benevolentiam
984 1803 1176 1852 fidemque
1213 1803 1425 1840 amicorum
1463 1802 1559 1851 opti-

235 1878 395 1902 morum.
454 1863 600 1908 Quibus
633 1875 729 1911 quas
760 1863 908 1912 gratias
941 1862 1089 1911 egimus
1125 1862 1329 1911 privatim,
1367 1873 1431 1898 eas
1462 1873 1565 1898 nunc

234 1924 387 1972 publice
411 1923 623 1971 repetimus
648 1922 875 1959 cumulatas.
928 1921 1121 1965 Quoniam
1146 1921 1277 1958 autem
1301 1932 1379 1957 non
1404 1919 1565 1956 deerant

235 1982 328 2031 loci,
366 1981 505 2029 quibus
543 1980 659 2017 aliter
689 1980 911 2029 Rostagnus
948 1979 1108 2029 legisset
1138 1980 1255 2027 atque
1286 1977 1463 2015 Helmius
1495 1979 1565 2015 aut

234 2039 573 2088 Hildebrandtius,
604 2039 675 2076 hos
707 2050 838 2075 omnes
863 2051 951 2075 vere
982 2038 1096 2074 huius
1125 2038 1217 2074 anni
1241 2036 1563 2074 Hildebrandtius

235 2100 366 2135 noster
407 2111 493 2135 cum
531 2098 674 2134 iterum
711 2097 933 2134 Florentiae
970 2098 1191 2133 versaretur
1227 2095 1350 2132 denuo
1394 2094 1564 2143 inspexit

234 2169 380 2205 nosque
408 2156 453 2193 de
478 2156 527 2193 iis
553 2156 735 2193 certiores
759 2155 861 2192 fecit.
913 2154 1065 2192 Codicis
1084 2154 1120 2190 V
1139 2154 1387 2192 collationem
1413 2164 1563 2190 summa

235 2229 322 2253 cum
378 2215 584 2264 diligentia
633 2214 849 2251 confectam
898 2214 1079 2250 debemus
1127 2212 1299 2250 Antonio
1347 2211 1564 2249 Polaschek

235 2268 546 2325 (Jahresbericht
583 2274 648 2310 des
680 2274 715 2309 k.
742 2273 777 2309 k.
806 2271 1211 2320 Ober-Gyinnasiums
1248 2271 1288 2307 in
1327 2269 1562 2308 Ozernowitz
