1638 2600
564 132 657 167 VIII.
689 131 966 168 EPISTULAE.
1348 130 1401 171 21
1411 131 1432 170 1

414 227 490 262 AD
520 227 732 263 OPPIUM
756 227 830 261 ET
854 226 1100 262 BALBUM.

178 294 248 328 Cic.
276 294 325 327 acl
344 293 418 328 Att.
439 292 520 334 IX,
541 295 563 327 7
578 292 614 327 C.
666 291 801 326 Caesar
828 290 946 336 Oppio
973 290 1142 326 Cornelio
1169 289 1235 324 sal.
1275 288 1429 323 Gaudeo

81 340 292 376 mehercule
313 351 375 374 vos
397 338 606 385 significare
632 338 779 382 litteris,
807 350 920 382 quam
940 338 1047 373 valde
1067 336 1233 383 probetis
1254 347 1309 381 ea,
1335 347 1432 380 quae

83 388 184 434 apud
211 387 409 423 Corfinium
440 388 526 420 sunt
558 387 675 431 gesta.
726 385 888 420 Consilio
921 387 1041 420 vestro
1073 386 1159 419 utar
1189 384 1367 428 libenter,
1395 385 1433 418 et

82 437 153 471 hoc
178 434 374 478 libentius,
401 433 501 478 quod
526 443 610 467 mea
635 435 766 478 sponte
791 432 914 467 facere
941 432 1226 476 constitueram,
1254 433 1296 466 ut
1320 442 1434 475 quam

81 481 313 518 lenissimum
343 492 402 515 me
432 480 650 526 praeberem
675 482 713 514 et
738 479 956 524 Pompeium
982 480 1110 514 darem
1135 490 1286 524 operam
1311 481 1353 513 ut
1378 489 1433 512 re-

81 529 330 565 conciliarem.
365 528 564 563 Tentemus
584 528 654 562 hoc
674 527 795 571 modo,
823 527 854 561 si
880 538 1086 572 possumus,
1114 526 1280 561 omnium
1305 525 1433 560 volun-

82 579 182 612 tates
209 586 426 621 recuperare
453 577 490 609 et
516 574 693 610 diuturna
717 574 875 609 victoria
901 574 968 619 uti,
995 573 1172 618 quoniam
1197 572 1333 617 reliqui
1352 584 1433 607 cru-

83 624 242 659 delitate
269 623 395 658 odium
422 622 583 668 effugere
608 633 682 657 non
707 623 910 667 potuerunt
936 632 1056 665 neque
1075 620 1271 655 victoriam
1291 619 1433 654 diutius

81 674 208 706 tenere
246 673 394 716 praeter
431 682 545 704 unum
576 669 615 704 L.
644 669 801 713 Sullam,
842 680 953 713 quem
984 668 1199 703 imitaturus
1231 679 1306 702 non
1340 679 1433 702 sum.

82 719 184 754 Haec
215 729 311 753 nova
344 717 392 752 sit
423 716 520 752 ratio
552 715 741 761 vincendi,
780 718 822 751 ut
853 715 1109 751 misericordia
1141 717 1178 749 et
1202 715 1434 750 liberalitate

81 777 149 801 nos
182 765 412 800 muniamus:
450 764 490 799 id
521 764 834 809 quemadmodum
860 763 939 798 fieri
965 762 1101 808 possit,
1134 762 1315 796 nonnulla
1340 761 1434 796 mihi

81 813 121 848 in
152 815 315 847 mentem
346 812 500 847 veniunt
530 814 568 847 et
598 811 717 846 multa
747 810 901 856 reperiri
932 812 1098 856 possunt.
1149 809 1203 844 De
1239 809 1296 843 his
1322 810 1433 844 rebus

83 872 172 907 rogo
199 872 279 905 vos,
312 862 353 895 ut
380 859 646 905 cogitationem
681 858 905 904 suscipiatis.
963 857 1007 892 N.
1040 856 1226 902 Magium,
1265 855 1434 901 Pompeii

81 908 328 954 praefectum,
368 906 613 952 deprehendi:
652 906 796 941 scilicet
832 916 914 940 meo
952 904 1126 939 instituto
1159 916 1247 938 usus
1280 916 1361 938 sum
1397 905 1434 938 et

89 967 173 990 eum
204 955 333 990 statim
363 954 517 989 missum
547 954 630 989 feci.
680 953 759 988 Iam
786 953 859 988 duo
884 951 1065 998 praefecti
1089 951 1239 986 fabrum
1264 950 1433 996 Pompeii

82 1003 122 1037 in
154 1013 277 1037 meam
307 1003 535 1047 potestatem
565 1003 744 1036 venerunt
776 1002 814 1035 et
848 1011 869 1034 a
894 1010 952 1034 me
978 998 1082 1034 missi
1108 1001 1211 1034 sunt:
1250 998 1282 1032 si
1307 998 1433 1033 volent

82 1049 182 1095 grati
217 1060 313 1093 esse,
353 1049 544 1083 debebunt
573 1048 791 1093 Pompeium
822 1046 983 1091 hortari,
1022 1048 1064 1081 ut
1093 1046 1202 1081 malit
1234 1045 1328 1080 mihi
1354 1056 1435 1080 esse

84 1097 224 1132 amicus
250 1107 363 1140 quam
388 1096 451 1140 iis,
484 1096 548 1140 qui
580 1098 617 1130 et
650 1095 706 1129 illi
733 1097 770 1130 et
796 1094 888 1129 mihi
914 1105 1057 1139 semper
1081 1093 1232 1128 fuerunt
1256 1092 1436 1128 inimicis-

82 1144 184 1189 simi,
223 1156 379 1189 quorum
406 1143 571 1178 artificiis
605 1143 777 1178 effectum
809 1145 882 1186 est,
922 1144 963 1176 ut
994 1152 1051 1176 res
1084 1140 1238 1186 publica
1269 1140 1309 1174 in
1333 1140 1434 1175 hunc

82 1194 225 1227 statum
248 1190 466 1237 perveniret.

181 1239 252 1274 Cic.
279 1240 328 1273 acl
353 1239 429 1274 Att.
455 1239 536 1281 IX,
556 1238 663 1280 13A,
683 1241 716 1272 1.
767 1237 902 1272 Caesar
928 1235 1047 1281 Oppio
1075 1235 1244 1270 Cornelio
1272 1235 1338 1270 sal.
1389 1235 1434 1269 A.

82 1287 118 1322 d.
145 1287 212 1322 VH
237 1286 322 1321 Idus
348 1285 504 1320 Martias
529 1284 769 1319 Brundisium
793 1284 893 1329 veni,
922 1284 970 1318 ad
995 1295 1141 1318 murum
1167 1285 1290 1317 castra
1314 1281 1435 1327 posui.

82 1333 281 1379 Pompeius
319 1335 375 1368 est
404 1332 612 1368 Brundisii:
650 1332 752 1366 misit
790 1332 838 1366 ad
875 1342 933 1365 me
965 1330 1010 1366 N.
1042 1330 1211 1375 Magium
1243 1330 1288 1364 de
1320 1340 1435 1375 pace3

83 1393 181 1426 quae
212 1381 291 1415 visa
327 1383 431 1425 sunt,
462 1379 647 1426 respondi.
697 1380 776 1414 Hoc
802 1390 865 1414 vos
892 1377 1022 1413 statim
1047 1377 1140 1412 scire
1165 1377 1282 1413 volui:
1321 1389 1437 1421 quum

84 1428 124 1463 in
151 1439 253 1474 spem
283 1439 415 1463 venero
449 1428 494 1463 de
527 1427 795 1472 compositione
828 1425 972 1470 aliquid
1004 1436 1063 1460 me
1089 1425 1278 1469 conficere,
1306 1423 1438 1459 statim

83 1488 148 1512 vos
177 1475 352 1511 certiores
377 1475 525 1510 faciam.

553 1570 630 1605 AD
659 1569 698 1614 Q.
725 1568 960 1604 PEDJUM.

181 1635 251 1671 Cic.
280 1636 329 1670 ad
353 1635 428 1670 Att.
456 1636 537 1678 IX,
556 1637 620 1678 14,
640 1638 659 1669 1
689 1636 737 1678 (a.
765 1635 798 1668 cl.
833 1634 938 1668 VIII
959 1633 1047 1668 Kal.
1074 1632 1195 1677 Apr.)
1256 1631 1437 1666 Miseram

83 1684 134 1719 ad
159 1687 190 1719 te
215 1684 281 1717 IX
311 1683 359 1718 K.
392 1683 593 1727 eoeemplum
624 1682 793 1726 epistolae
819 1681 934 1716 Balbi
966 1681 1015 1715 ad
1045 1691 1099 1714 me
1130 1684 1162 1715 et
1188 1679 1356 1714 Caesaris
1387 1679 1437 1713 ad

82 1743 182 1766 eum.-
218 1742 292 1765 ecce
328 1731 396 1765 tibi
432 1731 551 1765 eodem
588 1730 646 1764 die
673 1729 802 1773 Capua
840 1729 978 1764 litteras
1014 1728 1136 1771 accepi
1172 1727 1218 1761 ab
1253 1726 1292 1771 Q.
1320 1726 1435 1761 Pedio

85 1778 274 1813 Caesarem
299 1778 348 1812 ad
372 1789 407 1813 se
420 1778 544 1822 pridie
563 1778 655 1811 Idus
675 1777 838 1811 Martias
858 1776 994 1811 misisse
1012 1776 1077 1809 hoc
1096 1774 1273 1818 exemplo:
1298 1774 1436 1816 „Pom-

84 1825 190 1870 peius
223 1835 261 1859 se
292 1824 428 1870 oppido
454 1826 574 1868 tenet3
606 1835 672 1858 nos
700 1823 748 1857 acl
772 1825 899 1868 portas
927 1824 1050 1857 castra
1074 1821 1267 1856 habemus.
1319 1820 1436 1855 Cona-

83 1885 167 1907 mur
198 1884 289 1917 opus
320 1883 499 1918 magnum
530 1874 567 1906 et
597 1871 799 1905 multorum
834 1870 979 1904 dierum
1011 1871 1163 1914 propter
1194 1867 1437 1902 altitudinem

84 1919 210 1965 maris,
238 1920 303 1954 sed
329 1922 455 1954 tamen
480 1919 576 1954 nihil
602 1921 674 1963 est,
702 1918 801 1962 quod
826 1917 950 1963 potius
976 1916 1174 1951 faciamus:
1203 1916 1250 1950 ab
1276 1917 1435 1959 utroque

83 1969 213 2012 portus
240 1979 354 2002 cornu
378 1967 494 2002 moles
519 1966 693 2009 iacimus,
726 1968 768 2000 ut
801 1967 866 2000 aut
897 1965 1005 1998 illum
1036 1975 1149 2008 quam
1173 1963 1335 2008 primum
1358 1964 1435 1997 tra-

84 2015 193 2059 icere,
220 2015 320 2059 quod
344 2015 460 2049 habet
484 2013 674 2049 Brundisii
701 2012 901 2058 copiarum,
929 2022 1104 2057 cogamus
1132 2012 1199 2045 aut
1224 2010 1326 2045 exitu
1351 2021 1436 2055 pro—

85 2062 316 2098 hibeamus.“

358 2150 435 2185 AD
462 2150 517 2185 M.
548 2149 804 2185 TULLIUM
827 2146 1157 2184 CICERONEM.

183 2216 254 2250 Cic.
281 2216 330 2250 acl
354 2215 430 2251 Att.
455 2215 536 2258 IX,
557 2218 621 2258 16,
640 2218 675 2250 2.
702 2217 733 2248 3.
786 2214 843 2249 Ab
878 2224 917 2249 eo
953 2213 1137 2257 (Caesare)
1173 2211 1263 2246 mihi
1298 2211 1437 2246 litterae

85 2263 249 2298 redditae
279 2267 364 2298 sunt
402 2275 435 2298 a.
461 2263 496 2297 d.
524 2263 606 2297 VII
626 2263 675 2297 K.
710 2262 854 2306 (ΛΡΜ,
892 2261 1022 2306 quibus
1053 2261 1128 2294 iam
1158 2261 1299 2303 „opes“
1329 2269 1438 2301 meas,

85 2322 178 2353 vion,
215 2314 256 2345 ut
286 2311 532 2355 superioribus
564 2310 692 2345 litteris
716 2312 875 2353 „opem“
901 2312 1088 2352 exspectat.
1140 2306 1231 2341 Cum
1263 2306 1340 2341 eius
1370 2306 1436 2341 cle-

85 2359 257 2440 Zientiam
278 2357 532 2401 Corfiniensem
556 2358 660 2392 illam
675 2368 741 2402 per
761 2357 900 2392 litteras
919 2354 1228 2397 collaudavissem,
1252 2353 1438 2398 rescripsit

111 2416 150 2441 oc
174 2406 350 2450 eoeemplo:

1453 233 1478 251 8.
1493 233 1521 251 U.
1536 233 1561 250 C.

1452 260 1558 287 Dccv

1473 298 1530 329 (49)
