1638 2600
505 141 599 178 VIII.
632 141 907 177 EPISTULAE.
1294 141 1379 182 5203

410 273 443 296 a.
463 273 498 296 u.
519 272 546 296 e.
574 260 885 296 DCLXXXXV
908 263 1000 304 (59).
1292 268 1520 324 Dczstlkffx'xv

314 321 390 355 AD
419 320 458 366 Q.
488 319 742 356 TULLIUM
765 319 1096 355 CICERONEM.
1368 333 1425 365 (59)

129 391 201 426 Cic.
222 392 270 426 acl
298 391 337 436 Q.
363 392 409 434 fr.
430 392 464 435 I,
482 394 518 434 2,
538 394 594 426 11.
644 390 691 426 Ut
715 391 857 435 opinor,
882 390 997 425 Flavi
1025 391 1225 436 aliquando
1250 402 1322 425 rem
1349 395 1380 426 et

36 439 230 483 Pompeius
254 443 286 474 et
312 439 446 474 Caesar
470 439 536 474 tibi
560 438 864 473 commendarunt.

398 569 430 591 a.
452 568 486 591 u.
508 568 535 591 c.
563 555 899 590 DCLXXXXVI
921 558 1013 600 (53).
1282 565 1521 618 Dc'lffssfkn

491 615 567 650 AD
593 616 636 650 P.
665 614 922 650 CLODIUM.
1368 630 1426 659 (53)

131 686 201 721 Cic.
228 686 270 721 de
295 686 386 720 dom.
413 689 472 721 22.
515 686 675 722 Litteras
699 686 740 721 in
765 686 928 721 contione
952 686 1123 728 recitasti,
1148 697 1239 730 quas
1264 687 1330 721 tibi
1356 698 1379 721 a

33 733 69 769 C.
93 733 245 768 Caesare
269 734 397 768 missas
421 734 555 769 diceres
582 733 731 768 ‘Caesar
756 733 944 776 Pulchro’,
970 744 1050 767 cum
1076 733 1182 768 etiam
1208 744 1243 767 es
1269 745 1378 778 arqu-

31 785 210 816 mentatus
247 781 381 815 amoris
411 792 482 816 esse
511 782 575 816 hoc
604 781 766 826 siynum,
798 781 894 825 quod
930 781 1202 825 cognominibus
1235 784 1378 815 tantum

30 832 189 863 uteretur
212 839 324 872 neque
343 828 560 864 adscriberet
587 829 666 873 ‘pro
685 828 841 863 consule'
864 831 929 862 aut
957 828 1117 862 ‘tribuno
1132 828 1269 871 plebi';
1293 828 1378 863 dein

29 875 214 922 yratulari
239 876 321 917 tibi,
347 876 443 920 quod
468 876 524 910 M.
554 875 723 911 Catonem
754 888 778 910 a
803 876 994 910 tribunatu
1019 879 1080 910 tuo
1111 875 1316 909 removisses
1347 879 1378 909 et

29 923 124 967 quod
143 923 176 958 ei
200 923 345 957 dicendi
363 923 404 957 in
418 928 602 967 posterum
621 924 663 958 de
683 923 989 958 eaetraordinariis
1009 922 1245 966 potestatibus
1272 922 1376 956 liber—

28 974 137 1005 tatem
169 970 368 1004 aclemisses.
398 970 497 1015 Quas
522 975 588 1005 aut
611 982 810 1014 numquam
835 970 902 1005 tibi
926 970 987 1005 ille
1013 970 1152 1005 litteras
1176 969 1276 1005 misit
1301 974 1378 1012 aut,

28 1018 62 1053 si
86 1017 193 1061 misit,
219 1018 261 1052 in
285 1018 448 1053 contione
473 1018 621 1053 recitari
644 1018 773 1052 noluit.

505 1124 581 1158 AD
607 1124 710 1159 LIN
711 1123 823 1159 GON
822 1123 894 1158 AS.

125 1194 222 1229 Caes.
245 1194 290 1228 B.
315 1194 358 1230 G.
379 1195 412 1237 I,
431 1197 492 1238 26,
513 1198 545 1230 6.
575 1194 707 1230 Caesar
726 1195 775 1229 acl
794 1195 986 1240 Lingonas
1005 1194 1143 1229 litteras
1162 1194 1379 1238 nuntiosque

27 1242 144 1285 misit,
168 1253 213 1276 ne
243 1253 299 1277 eos
328 1243 510 1285 frumento
541 1254 626 1277 neve
657 1243 734 1276 alia
765 1253 803 1276 re
828 1243 1014 1277 iuvarent:
1039 1243 1102 1286 qui
1126 1242 1159 1276 si
1191 1242 1378 1284 iuvissent,

27 1300 64 1324 se
88 1289 207 1324 eodem
233 1289 319 1332 loeo,
344 1300 413 1334 quo
438 1290 634 1333 Helvetios,
658 1290 880 1324 habiturum.

381 1407 415 1430 a.
435 1407 470 1431 u.
491 1407 518 1431 c.
545 1395 907 1430 DCLXXXXVII
927 1397 1019 1439 (57).
1257 1403 1520 1457 Dcffxg-thvn

512 1455 589 1489 AD
615 1454 891 1490 SENATUM.
1356 1468 1412 1500 (01,

123 1525 222 1560 Caec.
244 1525 290 1559 B.
314 1526 357 1561 G.
378 1526 440 1569 II,
461 1528 525 1568 35,
545 1528 577 1560 4.
625 1525 676 1560 Ob
711 1536 838 1570 easque
872 1536 927 1561 res
963 1536 1007 1560 esc
1045 1525 1173 1560 litteris
1210 1525 1376 1560 Caesaris

26 1573 166 1607 dierum
192 1573 274 1607 XV
294 1574 512 1618 supplicatio
538 1573 678 1608 decreta
701 1577 762 1608 est.

369 1691 403 1714 a.
423 1691 458 1714 u.
479 1691 506 1714 c.
533 1679 918 1714 DCLXXXXVIII
939 1681 1031 1723 (56).
1242 1687 1520 1742 ΒοιεέἑιὲὲἮΠ

407 1738 703 1774 INCERTUM
724 1739 802 1773 AD
830 1738 996 1784 QUEM.
1348 1752 1406 1784 (56)

122 1809 221 1844 Plut.
244 1809 361 1844 Crass.
382 1812 438 1844 14.
473 1807 668 1844 Ἐνταῦθα
700 1808 735 1844 δ’
767 1809 854 1849 ὁδὸς
885 1804 930 1853 ἧν
962 1807 1045 1853 μία,
1071 1807 1246 1853 δευτέρας
1280 1809 1375 1844 ὑπα-

26 1854 125 1896 τείας
149 1855 302 1900 αἴτησις.
340 1855 387 1900 ἢν
418 1855 616 1901 μετιόντων
649 1855 801 1891 ἐκείνων
828 1856 901 1891 ἔδει
931 1856 1177 1901 συμπράττειν
1203 1855 1376 1900 Καίσαρα

24 1909 101 1944 τοῖς
125 1915 163 1938 τε
189 1902 311 1948 φίλοις
336 1903 530 1949 γράφοντα
557 1905 620 1939 καὶ
645 1911 717 1939 τῶν
744 1911 974 1948 στρατιωτῶν
1000 1902 1193 1949 πέμποντα
1218 1905 1377 1944 πολλοὺς

25 1950 389 1996 ἀρχαιρεσιάσοντας.

387 2058 421 2081 a.
442 2058 477 2082 u.
499 2058 526 2081 c.
553 2046 892 2081 DCLXXXXIX
917 2049 1009 2091 (55).
1274 2054 1519 2108 ΒΟἷΧῑιῘ-ἰὲᾚὶί

303 2106 380 2140 AD
406 2106 462 2140 M.
493 2106 748 2141 TULLIUM
772 2105 1102 2141 CICERONEM.
1366 2119 1423 2152 (55)

122 2175 193 2211 Cio.
220 2176 270 2211 ad
294 2176 402 2211 Fam.
429 2177 458 2210 I
460 2205 467 2220 ,
493 2180 532 2219 9,
551 2179 600 2212 12
625 2176 827 2221 (Lentulo).
877 2177 926 2211 In
962 2177 1031 2212 hac
1067 2177 1244 2212 sententia
1283 2187 1374 2211 com-

22 2223 230 2269 plectendus
254 2228 331 2259 erat
355 2225 444 2258 mihi
470 2224 621 2266 Caesar,
646 2228 687 2259 ut
713 2224 827 2268 vides,
852 2225 893 2258 in
918 2225 1112 2260 coniuncta
1143 2229 1174 2260 et
1205 2235 1318 2259 causa
1344 2229 1376 2259 et

26 2270 220 2316 dignitate:
250 2271 308 2305 hic
332 2272 483 2306 multum
508 2272 626 2306 valuit
657 2283 737 2306 cum
762 2276 862 2306 vetus
888 2273 1068 2315 amicitia,
1095 2283 1203 2316 quam
1235 2276 1275 2306 tu
1299 2282 1374 2305 non

26 2317 174 2362 iynoras
198 2319 287 2353 mihi
304 2322 337 2353 et
358 2318 491 2363 Quinto
516 2319 629 2362 fratri
647 2330 727 2354 cum
750 2319 901 2354 Caesare
921 2320 1044 2361 fuisse,
1070 2324 1144 2354 tum
1163 2319 1374 2353 humanitas

26 2365 102 2400 eius
134 2377 176 2400 ac
207 2366 406 2401 liberalitas
437 2366 533 2401 brevi
564 2370 717 2410 tempore
742 2371 774 2402 et
806 2367 935 2402 litteris
966 2372 998 2401 et
1029 2367 1161 2410 officiis
1186 2370 1374 2411 perspecta

27 2413 129 2448 nobis
154 2417 185 2448 et
210 2413 364 2458 coynita.

1092 2472 1160 2507 14*
