1669 2574
230 981 250 1011 ωε

232 1818 251 1848 N>

275 104 328 145 88
717 101 914 136 BELLUM
938 100 1162 136 AFRICUM.

275 200 461 240 animum
500 198 698 251 advertit,
736 197 949 250 equitibus
988 197 1074 237 suis
1105 196 1294 238 hostium
1326 197 1368 237 vi
1400 196 1606 250 oppositis

275 264 459 304 sarcinas
484 261 740 315 legionarios
766 261 810 302 in
836 275 1030 302 acervum
1056 261 1173 302 iubet
1193 263 1455 315 comportare
1481 262 1606 314 atque
1668 280 1669 293 1

277 327 466 368 celeriter
498 327 619 380 signa
649 325 845 367 hostibus
883 325 1047 366 inferre.
1111 324 1232 374 Quod
1262 327 1488 379 postquam
1520 338 1605 365 coe-
1667 351 1669 358 ι

275 393 396 445 ptum
435 392 499 431 est
533 390 644 444 fieri,
684 391 822 445 primo
859 390 1021 443 impetu
1060 389 1277 444 legionum
1315 389 1526 443 equitatus
1565 391 1608 430 et

274 455 379 496 levis
421 457 634 496 armatura
671 454 862 496 hostium
903 453 1020 495 nullo
1062 454 1232 509 negotio
1273 454 1366 495 loco
1405 454 1528 507 pulsa
1566 456 1608 495 et

277 518 436 560 deiecta
477 521 541 560 est
581 519 630 560 de
678 519 794 560 colle.
863 517 968 559 Cum
1008 518 1093 559 iam
1136 517 1286 560 Caesar
1326 518 1608 560 existimasset
1666 529 1669 550 -’

275 583 419 624 1105165
456 583 602 637 pulsos
641 584 947 637 deterritosque
983 583 1111 623 finem
1148 582 1380 623 lacessendi
1421 581 1607 623 facturos

276 650 318 688 et
349 648 430 688 iter
461 650 656 702 coeptum
687 662 860 702 pergere
893 648 1120 702 coepisset,
1152 648 1306 688 iterum
1338 646 1527 688 celeriter
1557 662 1608 688 ex

274 712 481 766 proximis
513 712 692 754 collibus
724 714 951 766 erumpunt
983 714 1108 766 atque
1141 712 1285 753 eadem
1315 711 1495 766 ratione,
1527 726 1609 765 qua

274 779 370 817 ante
397 776 496 831 dixi,
528 777 571 817 in
599 775 788 817 Caesaris
819 776 1074 831 legionarios
1106 777 1311 830 impetum
1337 776 1498 817 faciunt
1514 775 1608 818 -Nu-

274 841 411 882 midae
442 841 631 895 levisque
669 843 905 882 armaturae
942 840 1127 881 mirabili
1165 840 1387 881 velocitate
1417 839 1610 893 praediti,

276 906 349 960 qui
392 906 502 947 inter
542 906 705 960 equites
745 905 993 960 pugnabant
1033 908 1074 946 et
1114 919 1198 946 una
1236 905 1475 958 pariterque
1515 919 1608 946 cum

277 970 491 1024 equitibus
518 984 732 1011 accurrere
758 972 800 1011 61
824 970 1016 1024 refugere
1043 972 1355 1010 consueverant.
1400 968 1504 1010 Cum
1529 968 1610 1010 hoc

277 1034 444 1088 saepius
482 1033 667 1075 facerent
699 1036 740 1075 et
777 1034 1090 1088 proficiscentes
1122 1032 1309 1075 Iulianos
1345 1034 1609 1087 insequeren-

277 1101 364 1153 tur,
404 1098 647 1153 refugerent
687 1098 912 1153 instantes,
951 1098 1126 1152 propius
1166 1112 1251 1138 non
1291 1098 1532 1139 accederent
1568 1100 1611 1138 et
1667 1092 1669 1132 1

277 1162 483 1217 singulari
514 1176 665 1217 genere
702 1176 868 1217 pugnae
900 1165 1120 1204 uterentur
1152 1176 1305 1216 eosque
1337 1162 1484 1203 iaculis
1516 1177 1609 1203 con-

276 1227 497 1268 vulnerare
528 1227 632 1268 satis
664 1242 754 1268 esse
787 1227 1095 1281 existimarent,
1128 1225 1280 1268 Caesar
1310 1226 1520 1268 intellexit
1549 1227 1609 1267 ni-

276 1291 339 1332 hil
370 1291 485 1332 aliud
510 1306 580 1332 eos
607 1291 763 1346 conari,
794 1292 878 1333 nisi
909 1294 958 1333 ut
989 1307 1032 1333 se
1058 1293 1257 1345 cogerent
1282 1294 1419 1332 castra
1444 1306 1491 1332 eo
1516 1291 1610 1332 loco

276 1371 449 1410 ponere,
492 1356 565 1397 ubi
610 1357 782 1397 omnino
820 1371 951 1411 aquae
994 1355 1101 1397 nihil
1145 1358 1271 1410 esset,
1315 1358 1363 1396 ut
1403 1355 1610 1397 exercitus

278 1421 460 1474 ieiunus,
500 1421 573 1474 qui
611 1435 635 1461 a
673 1423 823 1475 quarta
853 1421 999 1475 vigilia
1037 1434 1170 1474 usque
1202 1419 1254 1460 ad
1286 1419 1435 1460 horam
1466 1431 1497 1461 X
1528 1419 1610 1461 diei

277 1484 386 1525 nihil
418 1487 642 1538 gustasset,
675 1500 721 1526 ac
753 1486 943 1526 iumenta
973 1484 1045 1526 siti
1076 1484 1271 1538 perirent.

364 1548 491 1589 LXX.
554 1548 659 1590 Cum
700 1550 784 1591 iam
823 1550 875 1591 ad
912 1549 1013 1590 solis
1046 1563 1239 1590 occasum
1278 1550 1405 1602 esset,
1445 1550 1487 1590 et
1525 1563 1610 1590 non

278 1616 392 1654 totos
424 1624 450 1653 C
481 1627 631 1667 passus
663 1614 707 1654 in
738 1614 855 1655 horis
886 1626 933 1655 IV
972 1616 1082 1655 esset
1119 1626 1386 1667 progressu8,
1420 1613 1611 1667 equitatu

278 1692 353 1719 suo
397 1680 570 1732 propter
613 1692 817 1732 equorum
860 1678 1079 1720 interitum
1119 1680 1306 1718 extremo
1345 1677 1511 1732 agmine
1551 1692 1610 1718 re-

278 1745 393 1783 moto
424 1742 612 1797 legiones
645 1743 688 1783 in
713 1743 847 1784 vicem
879 1744 931 1784 ad
963 1745 1199 1784 extremum
1225 1755 1375 1796 agmen
1400 1741 1610 1783 evocabat.

278 1805 344 1847 Ita
374 1806 460 1846 vim
492 1805 681 1847 hostium
718 1806 880 1860 placide
918 1806 1151 1861 leniterque
1191 1805 1421 1860 procedens
1451 1820 1526 1859 per
1556 1805 1610 1846 le—

278 1870 516 1926 gionarium
537 1870 717 1911 militem
738 1871 1000 1912 commodius
1020 1870 1268 1911 sustinebat.
1303 1869 1479 1911 Interim
1498 1870 1611 1924 equi-

278 1938 370 1976 tum
406 1934 688 1976 Numidarum
728 1936 871 1989 copiae
904 1936 1050 1976 (lextra
1088 1935 1343 1989 sinistraque
1380 1949 1455 1989 per
1485 1935 1612 1976 colles

278 2013 544 2054 praecurrere
575 2013 836 2053 coronaeque
867 2000 911 2040 in
942 2001 1116 2041 modum
1142 2000 1309 2054 cingere
1340 1999 1613 2040 multitudine

279 2079 355 2105 sua
393 2063 582 2104 Caesaris
626 2064 785 2117 copias,
828 2079 925 2118 pars
970 2078 1122 2119 agmen
1163 2067 1397 2104 extremum
1435 2064 1611 2117 insequi.

279 2127 468 2169 Caesaris
499 2127 669 2169 interim
700 2142 786 2168 non
822 2128 1003 2182 amplius
1042 2140 1092 2169 ΙΙΙ
1130 2130 1203 2168 aut
1233 2140 1280 2168 IV
1315 2127 1472 2169 milites
1503 2130 1612 2169 vete-

277 2193 370 2233 rani
413 2193 448 2233 si
493 2207 536 2234 se
578 2192 883 2233 convertissent
924 2195 966 2233 et
1007 2192 1095 2247 pila
1131 2192 1294 2233 viribus
1336 2194 1530 2233 contorta
1569 2192 1613 2232 in

276 2256 485 2298 Numidas
523 2256 700 2298 infestos
732 2257 1025 2310 coniecissent,
1066 2257 1248 2310 amplius
1281 2256 1410 2298 duum
1448 2256 1613 2298 milium

278 2336 452 2362 numero
485 2321 537 2362 ad
568 2336 699 2363 unum
738 2323 856 2376 terga
887 2321 1107 2362 vertebant
1139 2336 1184 2361 ac
1220 2335 1366 2361 rursus
1399 2320 1451 2361 ad
1483 2320 1612 2362 aciem

1645 2201 1652 2323 ε

1645 2325 1651 2491 1
