1669 2574
232 112 314 154 136
517 112 553 146 C.
580 112 695 146 IULII
720 111 947 146 CAESARIS
973 109 1286 146 FRAGMENTA.

230 207 350 241 bellas.
407 207 552 240 Horum
588 206 702 250 iyitur
738 206 889 241 alterum
921 206 1194 251 [Dolabellam]
1227 205 1360 240 Caesar
1389 206 1571 241 accusavit

228 265 293 289 nec
318 253 507 288 damnavit
514 266 527 294 ,-
553 252 705 286 alterum
731 252 786 286 M.
813 253 972 287 Scaurus
997 258 1029 288 et
1054 253 1235 288 accusavit
1259 257 1291 287 et
1316 253 1512 287 damnavit.

328 301 412 334 Tac.
439 300 481 333 cle
510 298 607 333 Orat.
634 302 691 332 34.
741 299 851 334 Nono
883 300 1027 335 decumo
1059 301 1188 335 aetatis
1218 310 1315 334 anno
1346 299 1390 333 L.
1420 299 1571 334 Crassus

232 348 269 381 C.
292 346 502 388 Carbonem,
527 356 601 380 uno
626 350 658 380 et
682 346 844 381 vicesimo
871 347 1004 382 Caesar
1027 347 1254 382 Dolabellam
1279 374 1285 381 .
1308 374 1315 380 .
1339 374 1345 380 .
1366 346 1414 380 iis
1438 347 1569 381 oratio-

228 394 338 428 nibus
362 393 516 427 insecuti
539 397 635 435 sunt,
661 404 750 437 quas
774 394 878 428 hodie
896 405 1032 439 quoque
1051 406 1131 429 cum
1149 394 1391 428 admiratione
1410 393 1569 439 leyimus.

332 440 418 475 Vell.
440 440 522 474 Pat.
543 440 641 475 Hist.
663 440 765 475 Rom.
785 441 842 483 H,
862 444 920 483 43,
940 444 973 475 3.
1018 441 1175 486 Reliqua
1200 442 1276 475 eius
1301 445 1383 475 acta
1407 441 1448 474 in
1473 441 1571 483 urbe,

228 488 455 522 nobilissima
476 487 539 521 Cn.
554 487 765 522 Dolabellae
784 489 966 523 accusatio
986 493 1017 523 et
1036 489 1153 523 maior
1170 489 1327 523 civitatis
1346 488 1388 521 in
1406 498 1447 522 ea
1465 488 1572 530 favor

228 546 337 579 quam
361 534 432 569 reis
453 535 636 578 praestari
657 535 743 570 solet
763 562 770 568 .
787 563 794 568 .
811 563 817 568 .
839 546 907 579 quo
932 536 1076 570 notiora
1099 540 1196 578 sunt,
1221 535 1341 570 minus
1359 538 1459 579 eyent
1477 535 1570 569 stilo.

324 581 524 625 Emporias
555 582 596 615 cle
625 581 919 617 Demonstrativa
945 582 1119 624 Materia,
1145 582 1289 616 Rhetor.
1316 582 1400 616 Lat.
1429 581 1569 616 Minor.

229 629 282 663 ed.
322 629 438 663 Halm
476 639 513 672 p.
547 631 631 663 568.
694 629 847 664 Dicetur
889 630 1117 664 accusatione
1152 629 1364 664 Dolabellae
1400 640 1570 674 maynam

227 676 366 718 famam
391 676 611 720 eloquentiae
635 681 840 711 consecutus
848 690 860 719 ,-
890 677 1082 722 neyabitur
1107 677 1255 711 eandem
1280 677 1465 718 meruisse,
1491 687 1571 710 cum

227 724 272 765 is,
296 734 398 767 quem
423 723 628 766 accusabat,
652 724 811 758 evaserit.

324 770 384 804 Ps.
410 770 539 805 Ascon.
572 771 614 804 in
640 770 710 805 Cic.
737 771 823 805 Div.
849 770 876 816 ἕ
899 772 947 804 24
968 782 1005 814 p.
1034 773 1105 805 110
1137 770 1188 804 ecl.
1219 769 1324 804 Orell.
1375 769 1568 815 Siynifficat

227 821 260 852 et
287 817 472 852 Caesarem
503 818 584 851 item
610 818 862 852 adolescentem
886 818 927 851 in
952 817 1147 852 Dolabella
1171 828 1229 852 reo
1254 828 1298 851 ea:
1324 816 1472 859 Cilicia,
1505 817 1569 861 qui

226 865 370 909 quidem
399 865 594 898 damnatus
618 869 684 907 est,
715 869 890 909 quantum
916 865 1074 909 oportuit
1093 875 1160 908 per
1184 864 1375 899 Hortensii
1398 864 1568 909 qratiam.

323 912 447 946 Aurel.
481 912 602 946 Victor
631 912 674 946 (le
703 913 768 946 vir.
802 912 853 946 ill.
883 914 942 954 78,
966 914 1000 946 2.
1053 911 1146 946 Mose
1171 911 1400 946 Dolabellam
1431 911 1570 945 iudicio

228 959 414 1003 oppressit.

337 1082 498 1119 Oratio
529 1083 577 1119 in
611 1080 650 1119 O.
682 1080 940 1120 Antonium
970 1094 1004 1120 a.
1032 1094 1069 1119 u.
1096 1093 1124 1119 c.
1157 1081 1461 1119 DCLXXVII.

324 1159 455 1193 Ascon.
482 1159 530 1193 ad
558 1158 666 1193 Cicer.
697 1158 795 1194 Orat.
822 1159 863 1193 in
893 1162 961 1205 toy.
988 1159 1093 1194 cand.
1121 1169 1159 1203 p.
1189 1160 1235 1193 75
1267 1158 1319 1192 ed.
1351 1157 1482 1192 Kiessl.
1533 1158 1572 1192 Is

229 1206 448 1250 (Antonius)
486 1207 615 1241 medtos
651 1206 692 1240 in
728 1206 870 1241 Achaia
909 1206 1128 1251 spoliaverat
1164 1209 1293 1240 nactus
1336 1206 1379 1240 de
1415 1205 1573 1240 exercitu

229 1253 382 1298 Syllano
425 1254 583 1298 equitum
625 1257 772 1288 turmas.
835 1254 978 1288 Deinde
1017 1254 1148 1288 Graeci
1185 1254 1248 1297 qui
1284 1253 1433 1297 spoliati
1470 1256 1574 1287 erant

229 1302 431 1336 edumei-unt
461 1301 666 1336 Antonium
696 1301 737 1334 in
768 1301 826 1335 ius
857 1301 905 1335 acl
938 1301 993 1334 M.
1027 1301 1225 1336 Lucullum
1257 1304 1475 1344 praetorem,
1511 1300 1573 1344 qui

228 1349 289 1383 ius
325 1349 419 1383 inter
450 1349 660 1393 peregrinos
697 1348 846 1383 dicebat.
902 1348 994 1394 Eyit
1022 1359 1092 1392 pro
1126 1348 1276 1382 Graecis
1308 1346 1374 1394 (Ο.
1410 1346 1571 1393 Caesar>

228 1396 337 1430 etiam
362 1399 437 1430 tum
463 1395 761 1438 adulescentulus,
786 1396 828 1429 de
847 1407 916 1439 quo
936 1396 1052 1440 paulo
1071 1400 1154 1430 ante
1173 1395 1383 1429 mentionem
1402 1394 1553 1437 fecimus
1560 1408 1573 1436 ,-

228 1447 260 1478 et
285 1453 390 1487 quom
411 1442 590 1477 Lucullus
614 1443 654 1476 id
679 1443 773 1487 quod
795 1442 926 1477 Graeci
946 1443 1182 1486 postulabant
1206 1442 1424 1484 decrevisset,
1449 1441 1571 1486 appel-

230 1490 320 1524 lavit
350 1490 514 1525 tribunos
546 1490 730 1524 Antonius
760 1490 965 1534 iuravitque
995 1501 1030 1525 se
1061 1490 1100 1524 id
1130 1491 1251 1532 forum
1283 1490 1444 1531 eiurare,
1478 1489 1573 1533 quod

229 1547 341 1581 aequo
367 1537 444 1571 iure
469 1537 525 1571 uti
549 1548 623 1571 non
642 1541 771 1580 posset.

325 1584 424 1618 Plut.
453 1584 549 1619 Caes.
577 1587 609 1618 4.
654 1583 695 1619 Ὁ
720 1582 761 1618 δὲ
787 1587 930 1627 Καῖσαρ
963 1582 1205 1629 ἀμειβόμενος
1229 1583 1296 1628 τὴν
1322 1581 1484 1617 Ἑλλάδα
1508 1587 1573 1627 τῆς

229 1629 444 1675 προθυμίας
464 1629 729 1676 συνηγόρευσεν
749 1631 841 1677 αὐτῇ
861 1630 1027 1666 Πόπλιον
1041 1630 1235 1666 ’Λντώνιον
1255 1630 1438 1677 διωκούσῃ
1459 1631 1573 1673 δωρο-

229 1676 360 1718 δοκίας
386 1678 446 1712 ἐπὶ
466 1679 695 1713 Λευκούλλου
720 1684 784 1713 τοῦ
803 1678 964 1722 Μάρκου
984 1676 1226 1718 Μακεδονίας
1246 1682 1460 1722 στρατηγοῦ.
1498 1677 1573 1711 Καὶ

228 1731 404 1760 τοσοῦτον
435 1725 592 1771 ἴσχυσεν,
630 1725 722 1760 ὥστε
752 1725 817 1761 τὸν
844 1724 1037 1761 ’Λντώνιον
1069 1724 1360 1760 ἐπικαλέσασθαι
1391 1724 1477 1765 τοὺς
1507 1725 1573 1769 δη-

229 1772 408 1818 μάρχους,
446 1772 686 1817 σκηψάμενον
724 1773 791 1808 οὐκ
829 1772 925 1818 ἔχειν
961 1773 1001 1808 τὸ
1040 1772 1120 1808 ι”σον
1158 1772 1197 1807 ἐν
1228 1777 1271 1818 τῇ
1299 1770 1448 1806 Ἑλλάδι
1481 1771 1573 1814 πρὸς

226 1817 413 1864 Ἕλληνας.
466 1818 533 1855 Ἐν
575 1818 616 1855 δὲ
655 1819 771 1867 Ῥώμῃ
815 1819 928 1865 πολλὴ
968 1819 1034 1864 μὲν
1072 1819 1132 1854 ἐπὶ
1169 1823 1218 1867 τῷ
1255 1818 1348 1866 λόγῳ
1386 1819 1470 1862 περὶ
1508 1817 1574 1858 τὰς

230 1865 453 1912 συνηγορίας
479 1867 593 1901 αὑτοῦ
619 1867 724 1912 χάρις
749 1865 934 1912 ἐξέλαμπε.

362 2025 541 2070 Oratio,
574 2038 662 2073 qua
692 2027 932 2064 Plautiam
962 2028 1252 2074 rogationem
1283 2026 1438 2063 suasit

648 2103 683 2128 a.
709 2104 746 2130 u.
774 2103 802 2129 c.
831 2091 1105 2129 DC'LXXXI
1111 2091 1152 2129 V.

325 2168 416 2203 Gell.
443 2168 548 2203 Noct.
574 2168 648 2203 Att.
677 2169 797 2211 XIII,
823 2171 857 2211 3,
887 2171 928 2203 5:
964 2167 1123 2212 Repperi
1154 2168 1195 2201 in
1225 2166 1386 2202 oratione
1420 2166 1456 2200 G.
1486 2165 1571 2201 Cae-

229 2216 343 2258 saris,
369 2227 442 2260 qua
467 2216 657 2250 Plautiam
680 2216 901 2261 royationem
925 2216 1059 2258 suasit,
1082 2215 1324 2250 necessitatem
1349 2214 1483 2248 dictam
1503 2224 1573 2257 pro
1641 2220 1644 2227 ·

229 2263 501 2306 necessitudine,
525 2263 565 2297 icl
590 2267 639 2298 est
664 2263 743 2297 iure
768 2263 981 2305 adfinitatis.
1024 2262 1139 2297 Verba
1158 2263 1244 2296 haec
1262 2265 1365 2296 sunt:
1390 2259 1572 2304 Equidem

229 2309 322 2344 mihi
347 2309 473 2344 videor
497 2321 563 2354 pro
588 2311 715 2344 nostra
740 2308 961 2344 necessitate
987 2320 1059 2344 non
1085 2308 1223 2352 labore,
1249 2319 1323 2343 non
1350 2318 1471 2353 opera,
1498 2318 1572 2342 non

229 2356 413 2392 indust-ria
438 2357 609 2392 defuisse.
