1638 2600
220 161 297 197 VII.
336 161 487 197 LEGES
515 160 983 197 SENATUSCONSULTA
1008 159 1241 196 DECRETA.
1319 160 1398 202 171

154 257 229 291 Dio
250 256 348 292 Cass.
370 257 615 300 XXXVIII,
631 259 664 299 7,
679 258 710 291 3.
751 254 770 290 ὅ
795 267 833 290 τε
860 252 926 290 οὖν
953 255 1064 300 νόμος
1089 254 1203 296 οὕτως
1229 254 1400 300 ἐκυρώθη

61 305 124 339 καὶ
156 302 302 347 προσέτι
334 304 396 338 καὶ
424 304 444 348 ἡ
470 311 543 339 τῶν
569 307 784 348 Καμπανῶν
811 307 854 348 γῆ
881 309 957 342 τοῖς
981 301 1064 347 τρία
1089 315 1125 337 τε
1152 301 1262 338 πλείω
1287 314 1324 336 τε
1351 302 1402 336 ἔτι

62 349 172 386 τέκνα
198 350 342 396 ἔχουσιν
368 350 496 397 ἐδόθη.
542 352 605 386 καὶ
630 350 694 386 διὰ
720 355 826 384 τοῦτο
853 351 916 385 καὶ
942 350 1097 390 ἄποικος
1121 356 1194 386 τῶν
1214 348 1403 394 Ῥωμαίων

63 398 84 444 ἡ
111 398 245 443 Καπύη
271 397 351 433 τότε
377 405 522 442 πρῶτον
548 397 737 443 ἐνομίσθη.

155 445 237 480 Lib.
253 446 364 480 colon.
379 446 406 479 Ι
428 446 566 489 (Grom.
582 447 665 481 Lat.
681 446 732 480 ed.
749 444 896 479 Lachm.
916 445 944 478 I
954 456 990 488 p.
1002 447 1102 487 231).
1141 445 1281 489 Capua,
1300 455 1403 479 muro

61 493 170 528 ducta
183 493 325 528 colonia
337 493 440 528 Iulia
454 493 564 529 Felix·
581 494 684 528 iussu
702 492 930 536 imperatoris
943 492 1108 527 Caesaris
1127 504 1150 527 a
1168 492 1301 538 viyinti
1313 492 1403 527 viris

66 544 116 575 est
140 540 302 575 deducta.
341 541 409 575 iter
428 541 565 585 populo
590 541 735 576 debetur
754 539 835 584 ped.
865 538 900 574 C.
940 551 1025 584 aycr
1049 540 1125 574 eius
1151 541 1222 585 leye
1248 538 1404 574 Sullana

58 588 181 630 fuerat
205 588 438 632 calsiqnatus:
470 592 595 632 postea
622 587 756 622 Caesar
780 587 820 620 in
844 586 1029 632 iuyeribus
1053 587 1163 622 militi
1184 597 1252 631 pro
1278 587 1403 622 merito

60 635 179 669 dividi
203 635 318 669 iussit.
366 635 419 678 Cf.
442 647 479 680 p.
501 638 586 678 239,
613 637 644 669 4.
679 636 761 676 169,
785 635 819 668 2.
859 636 943 676 210,
969 637 1024 668 13.
1063 636 1146 676 213,
1174 637 1205 668 7.
1256 636 1342 678 220,
1368 637 1400 668 9.

61 684 145 725 231,
172 684 206 716 s.
245 684 330 725 233,
356 686 411 716 14.
449 685 535 725 259,
561 685 618 717 18.
644 684 702 717 24.
741 683 827 723 260,
852 684 883 714 1.
912 684 966 715 14.
995 683 1052 715 1s.
1091 683 1177 724 272,
1202 685 1233 715 1.

157 728 228 764 Cic.
262 729 311 764 ad
348 730 458 765 Attio.
484 730 547 773 II,
579 732 643 772 16,
674 732 706 763 1.
733 731 768 763 2.
807 731 868 771 18,
892 729 925 763 2.
983 728 1087 764 Varr.
1114 740 1142 763 r.
1169 740 1197 763 r.
1226 729 1259 771 J,
1283 731 1319 772 2,
1344 732 1403 763 10.

59 776 158 811 Ptin.
185 777 274 811 Nat.
300 776 399 811 Hist.
428 777 515 819 VII,
541 780 622 812 176.

153 823 266 858 Schol.
288 823 378 859 Bob.
401 824 450 858 aa
471 824 540 859 Cic.
557 835 595 868 p.
617 824 744 858 Plane.
768 835 804 868 p.
825 825 899 858 263
922 822 980 858 Or.
1026 823 1295 858 Existimamus
1320 834 1400 857 eum

59 870 166 916 lcyem
191 871 330 905 Iuliam
360 872 583 917 siyniftcare,
616 883 723 916 quam
749 871 883 906 Caesar
908 870 1033 906 consul
1058 870 1246 916 ayraria'm
1270 870 1404 906 tulerat

0 951 1 959 ,
58 918 99 953 (Ie
124 917 261 965 <ΧΧ>
288 919 377 953 viris
401 919 577 954 creandis.

154 965 251 1001 Caes.
280 966 309 1000 b.
336 977 363 1000 c.
390 966 430 1008 Ι,
456 969 518 1008 14,
544 969 576 1000 4.
633 966 816 1001 Dilectum
848 965 1070 1008 colonorum,
1104 965 1166 1009 qui
1198 965 1270 1010 leye
1300 965 1404 999 Iulia

60 1012 223 1057 Capuam
248 1013 392 1048 deducti
416 1018 530 1055 erant,
555 1014 683 1048 habere
708 1014 914 1048 instituunt.

152 1059 247 1095 Suet.
278 1059 373 1095 Caes.
402 1062 460 1094 81.
513 1060 602 1095 Cum
632 1061 673 1094 in
704 1061 846 1095 colonia
874 1060 1003 1104 Capua
1033 1059 1177 1094 deducti
1202 1061 1274 1105 leye
1299 1059 1404 1094 Iulia

58 1106 176 1141 coloni
200 1107 249 1142 acl
274 1107 491 1142 extruendas
516 1108 623 1142 villas
648 1108 888 1142 vetustissima
912 1107 1100 1152 sepulchra
1125 1107 1316 1142 disicerent
1340 1111 1401 1142 etc.

153 1153 223 1189 Cic.
251 1154 346 1188 Phil.
380 1155 442 1197 ΙΙ,
474 1157 556 1189 102.
606 1155 805 1190 Decluoeisli
848 1155 1025 1190 coloniam
1071 1155 1291 1198 Casilinum,
1334 1165 1403 1199 quo

59 1200 193 1236 Caesar
218 1206 301 1237 ante
326 1202 534 1237 decluoeerat.

135 1283 253 1318 LEX
274 1284 355 1318 DE
378 1284 710 1320 PUBLICANIS
732 1296 764 1319 a.
786 1296 820 1319 u.
842 1296 868 1319 c.
896 1284 1209 1319 DCLXXXXV
1232 1286 1324 1327 (59).

150 1342 245 1378 Suet.
269 1344 366 1378 Caes.
387 1345 446 1378 20.
492 1344 715 1379 Publicanos
739 1344 982 1378 'remissionem
1002 1344 1156 1388 petentis
1180 1344 1288 1378 tertia
1313 1354 1402 1378 mer-

59 1390 183 1425 cedum
203 1395 310 1434 parte
334 1391 520 1434 relevavit,
552 1402 610 1434 ac,
641 1403 685 1426 ne
710 1392 751 1426 in
777 1392 951 1426 locatione
975 1402 1149 1426 novorum
1173 1391 1403 1436 vectiyalium

56 1438 320 1473 inmoderatius
347 1439 548 1480 licerentur,
569 1439 766 1483 propalam
791 1439 939 1473 monuit.

149 1486 246 1529 App.
274 1485 366 1520 Bell.
397 1486 469 1520 Civ.
497 1487 554 1528 ΙΙ,
579 1488 636 1520 13.
689 1486 735 1521 Οἱ
774 1484 808 1520 δ’
841 1485 964 1525 ἱππεῖς
995 1484 1201 1530 λεγόμενοι,
1236 1485 1304 1530 τὴν
1336 1484 1402 1529 μὲν

58 1530 209 1574 ἀξίωσιν
241 1538 306 1566 τοῦ
339 1532 457 1577 δήμου
489 1547 551 1567 και
577 1539 641 1578 τῆς
665 1534 799 1591 βουλῆς
824 1532 927 1573 ὄντες
952 1532 992 1568 ἐν
1018 1531 1122 1579 μέσῳ,
1149 1533 1402 1567 δυνατώτατοι

55 1578 96 1614 δὲ
128 1579 164 1619 ἐς
195 1578 344 1615 ἅπαντα
377 1579 589 1624 περιουσίας
619 1593 655 1615 τε
689 1579 822 1615 ούνεκα
855 1581 917 1615 καὶ
949 1581 1160 1625 μισθωσεως
1192 1582 1303 1615 τελῶν
1338 1580 1402 1614 καὶ

57 1626 195 1671 φόρων,
229 1626 292 1667 οἱς
322 1627 394 1662 ὑπὸ
420 1634 492 1662 τῶν
522 1627 644 1663 ἐθνῶν
670 1626 908 1672 τελουμένους
934 1627 1195 1672 ἐξεμισθοῦντο
1222 1628 1284 1662 καὶ
1310 1627 1401 1670 πλή-

55 1676 151 1714 θους
182 1674 431 1733 βεβαιοτάτων
461 1675 497 1715 ἐς
521 1681 636 1710 ταῦτα
662 1674 919 1719 θεραπόντων
947 1675 986 1709 ἐκ
1012 1677 1145 1709 πολλοῦ
1172 1675 1238 1720 τὴν
1264 1675 1401 1721 βουλὴν

55 1718 170 1768 ἥτουν
196 1720 329 1766 ἄφεσιν
354 1736 438 1757 τινα
465 1721 596 1767 μέρους
620 1729 693 1757 τῶν
713 1722 840 1766 φόρων
860 1723 985 1762 αυτοῖς
1005 1720 1189 1768 γενέσθαι.
1223 1723 1286 1757 καὶ
1306 1722 1401 1756 ἀπο-

56 1758 239 1814 διέτριβεν
264 1769 286 1814 ἡ
313 1769 437 1816 βουλή.
483 1770 501 1805 ὁ
529 1769 568 1805 δὲ
595 1773 739 1814 Καῖσαρ
767 1769 803 1810 ἐς
828 1769 938 1805 ουδὲν
964 1769 1045 1805 τότε
1070 1775 1134 1814 τῆς
1159 1771 1294 1815 βουλῆς
1319 1769 1400 1804 δεό-

55 1828 180 1861 μενος,
206 1816 296 1851 ἄλλα
322 1817 421 1864 μόνῳ
446 1821 497 1864 τῷ
522 1817 624 1864 δήμῳ
651 1818 850 1863 χρώμενος,
883 1817 927 1851 τὰ
957 1815 1069 1861 τρίτα
1086 1824 1158 1852 τῶν
1184 1818 1400 1862 μισθώσεων

57 1864 183 1904 αὐτοῖς
206 1870 382 1910 παρῆκεν.

149 1911 225 1946 Dio
252 1912 347 1948 Cass.
375 1913 620 1955 XXXVIII,
638 1915 668 1955 7,
684 1915 715 1946 4.
765 1912 815 1946 Τὸ
842 1911 907 1956 μὲν
934 1909 1000 1947 οὖν
1026 1914 1170 1957 πληθος
1195 1912 1234 1946 ἐκ
1259 1912 1401 1947 τούτων

56 1958 74 1994 ὁ
98 1961 241 2002 Καῖσαρ
268 1959 509 2004 ἀνηρτήσατο,
536 1973 621 2000 τους
646 1958 679 1993 δ’
712 1958 846 1999 ἱππέας
870 1959 910 1994 τὸ
937 1959 1174 2004 τριτημόριόν
1198 1971 1301 2003 σφισι
1325 1965 1400 1994 τῶν

54 2008 165 2041 τελῶν
209 2005 233 2040 ἃ
277 2005 527 2051 ἐμεμίσθωντο
565 2005 689 2051 ἀφείς·
729 2005 845 2041 πᾶσαί
883 2019 919 2041 τε
959 2006 1026 2052 γὰρ
1066 2007 1105 2041 αἱ
1142 2005 1311 2042 τελωνιαι
1343 2005 1394 2041 δι’

57 2054 178 2088 αὐτῶν
199 2052 399 2099 ἐγίγνοντο,
426 2055 488 2090 καὶ
508 2054 683 2094 πολλακις
707 2059 771 2099 τῆς
796 2056 930 2100 βουλῆς
949 2053 1158 2099 δεηθέντες,
1185 2053 1282 2095 ὅπως
1302 2054 1399 2089 ἐκδι-

56 2099 138 2142 κίας
161 2101 262 2142 τινὸς
285 2102 454 2147 τύχωσιν,
481 2115 547 2147 ουχ
573 2100 736 2146 εὕροντο.

151 2148 221 2184 Cic.
255 2160 292 2193 p.
329 2150 458 2185 Plane
492 2152 548 2185 35.
599 2150 698 2184 Nam
737 2149 832 2194 quod
864 2150 1008 2194 primus
1047 2150 1257 2193 (Plancius)
1296 2149 1401 2184 scivit

55 2195 161 2241 leyem
198 2197 241 2231 de
276 2198 482 2241 publicanis
513 2202 605 2240 tum,
643 2208 721 2232 cum
754 2197 810 2231 vir
842 2197 1086 2241 amplissimus
1117 2197 1241 2231 consul
1271 2197 1311 2231 id
1342 2197 1400 2231 illi

56 2243 179 2278 ordini
204 2255 271 2287 per
296 2245 473 2289 populum
506 2245 622 2287 dedit,
655 2244 749 2289 quocl
776 2255 843 2288 per
871 2248 1052 2287 senatum,
1077 2245 1109 2279 si
1135 2244 1307 2287 licuisset,
1341 2244 1399 2278 ole-

55 2290 173 2333 disset,
199 2291 231 2325 si
255 2291 296 2325 in
320 2303 358 2327 eo
384 2293 517 2327 crimen
543 2296 602 2334 est,
629 2293 717 2336 quia
741 2292 967 2337 suffrayium
991 2292 1086 2335 tulit,
1112 2292 1191 2335 quis
1215 2302 1290 2325 non
1315 2291 1400 2326 tulit

49 2337 296 2382 publicanus?
345 2339 457 2374 Schol.
484 2340 574 2374 Bob.
603 2340 652 2374 acl
681 2340 714 2373 h.
742 2340 763 2373 l.
800 2350 835 2383 p.
857 2342 940 2374 259.
966 2341 1049 2373 261.
1102 2339 1179 2373 Val.
1208 2339 1314 2373 Max.
1341 2339 1398 2381 ΙΙ,

54 2387 113 2467 150,
139 2387 170 2419 7.
223 2385 294 2420 Cic.
322 2387 370 2421 ad
394 2387 468 2422 Aa.
496 2387 551 2430 II,
578 2389 636 2429 16,
661 2389 694 2421 2.
741 2386 888 2430 (Drum.
916 2387 995 2429 III,
1020 2389 1102 2421 210.
1155 2386 1321 2421 Momms.
1350 2386 1396 2421 R.

83 2436 105 2467 t.
133 2433 195 2475 II,
220 2435 319 2476 456.)

1117 2492 1184 2526 12*
