1638 2600
642 88 742 124 CAP.
771 89 912 126 VT—X.
1408 93 1430 133 7

99 198 329 238 numquam
366 198 449 225 uno
487 186 677 239 tempore
715 185 900 228 adversis
938 187 1078 228 ventis
1118 187 1432 241 praecluderen—

100 251 181 290 tur.
239 247 383 303 Fugae
423 262 521 289 vero
563 249 727 290 nullum
772 264 861 292 esse
905 251 1130 292 consilium
1171 266 1256 294 non
1294 251 1432 294 solum
1458 263 1478 294 3

99 313 169 367 iis,
207 312 280 367 qui
311 312 491 366 primam
524 312 775 367 dignitatem
807 313 1032 370 haberent,
1074 316 1147 357 sed
1177 331 1229 358 ne
1260 316 1312 358 iis
1344 316 1433 371 qui-

100 378 206 431 dem,
237 376 310 431 qui
335 376 443 418 nihil
473 381 769 432 praeterquam
796 378 845 419 de
870 379 961 420 vita
986 380 1233 434 cogitarent.
1273 379 1430 435 Magno
1456 392 1478 422 4

98 441 269 498 negotio
295 441 479 495 impetus
498 440 686 483 hostium
712 442 910 484 adversos
931 458 983 485 ex
1008 445 1317 486 munitionibus
1343 459 1430 486 sus-

98 507 240 561 tineri3
273 505 425 560 quibus
457 505 617 548 relictis
646 521 721 549 nec
752 506 844 548 loco
871 522 949 549 nec
985 523 1160 550 numero
1192 525 1315 564 pares
1341 524 1431 552 esse

97 585 231 626 posse.
293 569 494 625 Magnam
526 573 667 612 autem
698 586 859 612 moram
892 575 934 614 et
966 572 1264 616 difficultatem
1292 589 1431 616 ascen·
1458 585 1478 615 5

96 650 191 679 sum
222 635 266 676 in
297 649 424 676 naves
450 634 621 690 habere,
653 636 902 690 praesertim
929 651 981 677 ex
1006 637 1191 692 scaphis3
1223 653 1432 680 summam

97 715 187 743 esse
218 702 365 742 contra
396 699 440 740 in
465 698 764 742 Alexandrinis
789 700 1059 742 velocitatem
1091 701 1364 757 locorumque
1390 705 1432 745 et

95 764 384 807 aedificiorum
420 764 628 806 notitiam.
693 764 784 806 Hos
822 766 1047 820 praecipue
1084 766 1128 807 in
1158 766 1338 808 victoria
1371 767 1430 807 in·
1457 779 1477 809 6

96 829 282 873 solentes
314 843 614 883 praecursuros
640 831 682 871 et
705 829 799 870 loca
824 830 1054 872 excelsiora
1085 833 1210 885 atque
1242 831 1432 872 aedificia

94 896 394 949 occupaturos:
426 893 488 935 ita
512 893 616 948 fuga
639 893 902 949 navibusque
928 898 1096 937 nostros
1128 895 1430 950 prohibituros.

94 959 278 1001 Proinde
320 958 411 1000 eius
452 958 619 999 consilii
660 958 1009 1001 obliviscerentur
1049 962 1176 1015 atque
1216 960 1332 1002 omni
1368 975 1430 1001 ra-

94 1025 210 1067 tione
243 1037 333 1065 esse
365 1022 621 1064 vincendum
653 1023 898 1078 cogitarent.

182 1087 322 1130 VIIII.
372 1087 464 1129 Hac
503 1088 694 1129 oratione
732 1088 843 1142 apud
880 1102 978 1129 suos
1008 1087 1156 1129 habita
1187 1090 1312 1143 atque
1344 1103 1429 1130 om·
1457 1102 1474 1132 1

93 1155 213 1196 nium
250 1153 464 1194 mentibus
503 1152 698 1193 excitatis
737 1152 808 1193 dat
846 1152 1163 1193 centurionibus
1200 1152 1431 1208 negotium,

93 1222 142 1260 ut
182 1217 356 1271 reliquis
398 1216 596 1270 operibus
638 1216 896 1257 intermissis
935 1216 987 1257 ad
1023 1216 1242 1258 fodiendos
1279 1220 1430 1271 puteos

92 1282 281 1324 animum
301 1281 520 1322 conferant
543 1295 646 1322 neve
668 1295 795 1334 quam
820 1283 984 1334 partem
1004 1281 1202 1322 nocturni
1226 1283 1430 1336 temporis

92 1346 388 1389 intermittant.
463 1344 555 1394 Quo
601 1347 798 1398 suscepto
842 1345 1015 1400 negotio
1067 1348 1192 1399 atque
1241 1347 1430 1388 omnium
1456 1359 1476 1389 2

92 1411 244 1454 animis
270 1410 323 1451 ad
346 1409 535 1451 laborem
567 1409 754 1450 incitatis
780 1423 934 1464 magna
954 1424 1039 1450 una
1058 1412 1181 1451 nocte
1206 1410 1272 1452 vis
1299 1425 1430 1465 aquae

92 1476 227 1518 dulcis
257 1475 428 1516 inventa
458 1476 533 1516 est.
594 1472 660 1514 Ita
703 1474 892 1527 operosis
923 1473 1315 1516 Alexandrinorum
1345 1490 1429 1517 ma-

91 1539 405 1582 chinationibus
437 1538 718 1593 maximisque
750 1538 972 1580 conatibus
1004 1553 1090 1580 non
1121 1538 1240 1594 longi
1271 1542 1430 1594 tempo-

91 1605 151 1647 ris
186 1604 331 1646 labore
368 1618 589 1645 occursum
627 1606 702 1645 est.
763 1602 828 1644 Eo
866 1603 994 1645 biduo
1033 1603 1146 1659 legio
1185 1615 1347 1645 xxxvii
1378 1619 1430 1646 ex
1456 1617 1475 1647 3

92 1669 301 1712 dediticiis
332 1668 604 1723 Pompeianis
642 1667 853 1710 militibus
887 1683 983 1710 cum
1021 1668 1252 1723 frumento,
1290 1669 1431 1724 armis,

90 1733 206 1787 telis,
245 1733 469 1775 tormentis
507 1732 709 1787 imposita
739 1732 784 1774 in
817 1747 945 1774 naves
978 1747 998 1774 a
1031 1732 1222 1774 Domitio
1256 1732 1429 1775 Calvino

92 1798 145 1839 ad
173 1798 302 1839 litora
332 1796 503 1839 Africae
534 1796 661 1852 paulo
695 1811 826 1852 supra
849 1796 1152 1839 Alexandriam
1185 1797 1324 1839 delata
1354 1801 1429 1840 est.

90 1861 182 1904 Hae
219 1876 347 1904 naves
384 1861 520 1916 Euro,
564 1861 638 1916 qui
674 1862 833 1904 multos
872 1862 961 1904 dies
993 1862 1259 1904 continenter
1288 1863 1429 1918 flabat,
1454 1874 1476 1904 4

90 1929 262 1981 portum
299 1940 446 1981 capere
484 1925 841 1981 prohibebantur3
883 1926 956 1967 sed
991 1925 1085 1968 loca
1122 1929 1222 1967 sunt
1260 1927 1430 1981 egregia

90 1991 205 2033 omni
241 1991 316 2033 illa
352 1991 525 2046 regione
563 1990 615 2031 ad
652 1991 855 2033 tenendas
889 2005 1073 2032 ancoras.
1136 1990 1196 2032 Hi
1228 2005 1323 2032 cum
1356 1991 1427 2032 diu

88 2056 372 2098 retinerentur
402 2058 529 2110 atque
561 2069 693 2110 aquae
725 2055 870 2110 inopia
894 2058 1219 2110 premerentur,
1256 2054 1426 2110 navigio

89 2120 276 2162 actuario
310 2119 532 2162 Caesarem
563 2120 727 2162 faciunt
758 2121 992 2162 certiorem.

175 2183 227 2227 X.
277 2184 448 2239 Caesar,
484 2187 533 2227 ut
570 2199 646 2240 per
677 2199 721 2227 se
753 2185 979 2227 consilium
1011 2187 1195 2239 caperet,
1235 2184 1338 2239 quid
1367 2185 1425 2226 fa·
1453 2197 1470 2228 1

88 2248 282 2290 ciendum
324 2249 559 2304 videretur,
602 2264 754 2291 navem
798 2249 1044 2292 conscendit
1088 2252 1213 2303 atque
1258 2263 1425 2291 omnem

89 2311 264 2355 classem
297 2328 341 2356 se
373 2315 493 2369 sequi
530 2315 658 2356 iussit
688 2314 827 2356 nullis
852 2315 1010 2356 nostris
1047 2314 1257 2356 militibus
1290 2314 1420 2370 impo-
