1669 2574
226 113 246 152 1
253 111 309 152 30
616 110 810 144 BELLUM
836 109 1167 145 HISPANIENSE.

222 208 333 249 riore
382 208 474 248 loco
525 205 746 247 defendere
796 208 982 259 possent.
1057 204 1250 247 Subeunt
1294 207 1337 247 in
1381 207 1564 247 adventu

176 282 195 312 5
222 273 357 313 nostri
400 270 752 324 depellunturque
790 269 898 311 telis.
966 269 1129 318 Quibus
1167 271 1411 312 cedentibus
1451 272 1563 325 cupi-

222 337 316 377 dius
361 334 693 388 insequebantur
732 334 960 375 adversarii
999 338 1041 376 et
1079 335 1303 377 confestim
1341 335 1566 376 tardabant

223 402 274 442 ab
313 414 494 441 accessu.
556 398 650 440 Hoc
688 400 854 453 saepius
891 399 1003 441 facto
1036 400 1224 440 animum
1257 400 1566 454 advertebatur,

177 475 196 505 6
223 468 369 506 nostro
408 478 562 519 magno
602 464 644 505 id
681 464 773 505 fieri
810 464 1009 519 periculo.
1071 463 1207 519 Opere
1240 465 1565 507 circummunire

223 530 471 583 instituunt3
503 529 595 583 pari
620 530 650 583 †
676 532 816 570 autem
849 544 899 570 ex
931 528 1056 570 celeri
1087 529 1357 571 festinatione
1390 530 1565 571 circum-

223 595 480 635 munitiones
519 594 619 649 iugo
659 594 875 648 derigunt,
913 597 961 634 ut
993 608 1127 647 aequo
1159 595 1264 648 pede
1296 609 1391 635 cum
1424 594 1565 635 adver-

223 659 346 700 sariis
385 659 584 714 congredi
622 662 807 713 possent.
869 657 907 699 A
946 658 1101 712 quibus
1139 673 1234 700 cum
1273 660 1460 700 animum
1499 659 1566 700 ad-

225 739 395 765 versum
428 727 557 778 esset,
588 724 691 779 fuga
722 724 804 764 sibi
836 723 1094 777 praesidium
1127 724 1308 777 capiunt.

179 798 195 827 1
312 788 575 830 XXXVIIII.
637 789 884 843 PompeiUS,
924 790 971 829 ut
1009 802 1137 842 supra
1175 788 1568 842 demonstravimus,

225 855 393 895 saucius
435 857 476 895 et
514 855 673 895 intorto
712 854 798 895 talo
838 853 993 894 idcirco
1032 853 1280 894 tardabatur
1318 854 1369 894 ad
1406 854 1568 909 fugien-

225 919 344 973 dum,
388 919 575 973 itemque
618 921 794 973 propter
830 918 912 960 loci
953 918 1248 960 difficultatem
1287 933 1422 973 neque
1461 933 1568 973 equo

225 999 361 1038 neque
399 984 594 1025 vehiculo
632 984 760 1025 saluti
793 998 892 1025 suae
924 983 1182 1037 praesidium
1214 999 1361 1038 parare
1393 986 1569 1038 poterat.

179 1058 199 1087 2
227 1047 384 1090 Caedes
423 1063 447 1088 a
483 1048 643 1089 nostris
681 1048 867 1102 undique
909 1049 1297 1090 administrabatur.
1358 1048 1570 1090 Exclusus

226 1113 461 1155 munitione
495 1113 746 1167 amissisque
778 1113 948 1154 auxiliis
976 1114 1027 1154 ad
1053 1113 1288 1155 convallem
1315 1127 1570 1167 exesumque

225 1177 367 1219 locum
399 1178 443 1219 in
475 1178 720 1232 speluncam
752 1178 981 1232 Pompeius
1014 1193 1057 1220 se
1091 1178 1301 1220 occultare
1334 1178 1490 1232 coepit,
1524 1181 1572 1219 ut

227 1258 250 1284 a
293 1244 452 1284 nostris
496 1258 581 1284 non
622 1243 747 1297 ¹facile
789 1243 1051 1284 inveniretur
1088 1244 1171 1284 nisi
1210 1244 1473 1298 captivorum
1512 1243 1571 1284 in-

180 1317 200 1347 3
229 1308 349 1349 dicio.
401 1307 467 1349 Ita
492 1309 553 1349 ibi
579 1309 842 1350 interficitur.
894 1307 999 1349 Cum
1021 1308 1174 1350 Caesar
1195 1308 1383 1350 Gadibus
1409 1309 1572 1361 fuisset,

226 1372 441 1427 Hispalim
467 1373 573 1428 prid.
593 1372 652 1414 Id.
673 1373 808 1427 April.
830 1376 956 1427 caput
977 1373 1164 1414 adlatum
1186 1376 1227 1414 et
1246 1373 1404 1427 populo
1426 1373 1571 1413 datum

227 1440 292 1478 est
323 1438 367 1478 in
399 1441 684 1492 conspectum.

183 1512 199 1542 1
317 1502 489 1544 XXXX.
540 1501 768 1545 Interfecto
797 1502 869 1544 Cn.
889 1503 1092 1557 Pompeio
1119 1503 1385 1544 adulescente
1408 1502 1575 1555 Didius,

229 1583 353 1622 quern
387 1583 516 1622 supra
547 1568 943 1622 demonstravimus,
975 1567 1048 1608 illa
1079 1568 1268 1609 adfectus
1294 1568 1456 1608 laetitia
1481 1582 1573 1621 pro-

229 1633 345 1674 ximo
384 1648 428 1674 se
466 1633 627 1687 recepit
664 1633 838 1674 castello
877 1633 1186 1687 nonnullasque
1224 1647 1352 1673 naves
1391 1632 1443 1672 ad
1480 1632 1573 1672 refi-

230 1698 425 1739 ciendum
458 1698 662 1740 subduxit
689 1701 741 1752 et,
774 1697 952 1752 quodvis
979 1701 1120 1739 essent
1150 1732 1156 1738 .
1179 1731 1186 1738 .
1209 1732 1216 1738 .
1238 1732 1245 1738 .
1275 1696 1496 1738 brachium
1522 1711 1574 1738 ex

181 1773 202 1802 ‘2
229 1764 422 1817 utrisque
472 1763 666 1817 partibus
709 1797 891 1803 ......
951 1762 1163 1815 Lusitani,
1214 1762 1288 1815 qui
1337 1776 1388 1802 ex
1431 1775 1574 1815 pugna

230 1829 541 1882 superfuerunt,
573 1828 626 1868 ad
657 1828 827 1882 signum
860 1842 903 1868 se
937 1829 1187 1881 receperunt
1219 1829 1261 1867 et
1289 1826 1394 1867 bene
1420 1839 1574 1880 magna

183 1903 203 1932 3
230 1907 357 1932 manu
398 1894 641 1946 comparata
679 1892 731 1933 ad
762 1892 938 1933 Didium
978 1906 1021 1932 se
1060 1893 1290 1945 reportant.
1351 1890 1462 1931 Huic
1494 1890 1573 1931 etsi

230 1972 315 1998 non
353 1956 499 1998 aberat
537 1956 759 2011 diligentia
797 1956 849 1997 ad
887 1971 1015 1997 naves
1055 1956 1250 2009 tuendas,
1294 1958 1435 1996 tamen
1473 1969 1573 1995 non-

230 2036 462 2076 numquam
505 2036 557 2062 ex
600 2021 772 2062 castello
818 2024 992 2075 propter
1035 2035 1180 2061 eorum
1225 2020 1392 2062 crebras
1431 2034 1574 2060 excur-

232 2087 372 2128 siones
410 2086 656 2127 eliciebatur
687 2089 729 2127 et
767 2101 897 2140 prope
930 2085 1152 2127 cotidianis
1190 2085 1346 2139 pugnis
1389 2118 1573 2124 .......

183 2164 205 2193 4
232 2152 408 2193 insidias
440 2154 606 2205 ponunt
637 2153 679 2192 et
711 2151 925 2204 tripertito
958 2151 1079 2205 signa
1109 2149 1382 2191 distribuunt.
1438 2148 1575 2190 Erant

232 2217 382 2272 parati,
409 2217 481 2271 qui
501 2231 627 2257 naves
649 2216 930 2269 incenderent,
955 2215 1221 2269 incensisque
1244 2215 1316 2268 qui
1337 2213 1573 2254 subsidium

229 2284 385 2335 ferrem
420 2281 690 2335 repellerent:
733 2280 778 2321 hi
819 2281 879 2321 sic
918 2279 1115 2333 dispositi
1148 2282 1285 2332 erant,
1322 2281 1370 2319 ut
1402 2292 1425 2318 a
1456 2277 1573 2318 nullo

231 2347 408 2400 conspici
419 2350 605 2399 possen&
625 2346 773 2398 reliqui
794 2346 835 2386 in
857 2347 1084 2398 conspectu
1105 2344 1295 2385 omnium
1315 2343 1367 2384 ad
1387 2356 1574 2397 pugnam
