1638 2600
23 79 44 114 ρ

59 123 119 159 I'V.
140 121 482 158 APOPHTHEGM.
500 121 575 156 sive
592 120 735 156 DICTA
752 120 972 158 COLLECT.
1000 121 1042 157 V.
1064 122 1293 158 CARMINA.
1321 123 1403 164 149

221 242 300 285 IV.
341 240 911 284 APOPHTHEGMATA
942 243 1026 285 sive
1057 242 1247 285 DICTA

507 305 962 349 COLLEOTANEA.

156 383 251 418 Suet.
286 383 383 418 Caes.
418 385 475 417 56.
532 382 721 417 Feruntur
763 385 795 416 et
837 393 860 416 a
898 392 1013 425 puero
1050 387 1082 417 et
1119 383 1164 416 ab
1202 382 1406 417 adulescen-

60 431 138 466 tulo
170 430 347 475 quaedam
374 431 527 474 scripta,
557 434 599 465 ut
629 428 776 463 Laudes
802 428 992 471 Herculis,
1024 430 1211 474 tragyoedia
1238 429 1409 474 Oedipus,

61 480 144 514 item
179 477 293 513 Dicta
335 478 568 520 collectanea;
611 486 698 521 quos
734 477 850 511 omnis
893 476 1028 511 libellos
1072 478 1182 512 vetuit
1218 477 1408 523 Auqustus

55 525 252 571 publicari.

159 577 229 612 Cic.
263 577 312 612 ad
344 577 450 612 Fam.
483 577 558 620 IX,
589 579 648 619 16,
678 579 710 611 4.
761 575 831 611 Sed
868 580 987 611 tamen
1024 577 1099 622 ipse
1136 577 1269 612 Caesar
1305 577 1409 613 habet

56 636 206 671 peracre
236 625 431 667 iudicium,
462 630 511 667 et,
535 628 577 659 ut
601 624 764 666 Servius,
794 624 910 666 frater
934 628 1036 666 tuus,
1063 635 1165 668 quem
1190 625 1407 660 litteratissi-

61 684 159 708 mum
182 673 296 715 fuisse
320 673 454 715 iudico,
478 672 587 715 facile
611 671 759 706 diceret:
787 671 858 705 ‘hic
882 682 1004 705 versus
1024 671 1154 706 Plauti
1172 683 1247 706 non
1266 676 1326 714 est,
1352 672 1409 707 hic

60 720 146 762 est',
177 720 272 764 quod
296 721 402 755 tritas
433 730 540 754 aures
570 719 712 753 haberet
742 718 916 753 notandis
945 719 1135 763 yeueribus
1161 723 1353 762 poetarum
1379 723 1410 754 et

60 768 318 802 consuetudine
350 767 500 812 legendi,
536 767 587 801 sic
624 766 735 800 audio
769 765 968 808 Caesarem,
1005 777 1085 800 cum
1117 766 1303 801 columina
1335 767 1410 801 iam

61 815 254 857 confecerit
285 813 605 860 ἀποφθεγμάτων,
636 813 669 847 si
699 813 794 857 quod
826 813 1018 856 adferatur
1042 813 1092 847 ad
1122 824 1202 848 eum
1228 824 1298 858 pro
1323 824 1410 856 meo,

63 862 159 906 quod
190 873 305 896 meum
336 873 410 896 non
441 863 504 904 sit,
536 862 664 896 reicere
695 861 804 895 solere
811 874 824 903 ‚·
855 861 950 905 quod
981 871 1020 895 eo
1045 872 1144 895 nunc
1168 861 1285 906 maqis
1308 861 1411 903 facit,

61 909 151 954 quia
176 913 303 944 vicunt
327 920 460 944 mecum
484 909 559 951 fere
584 908 712 943 cotidie
733 908 835 942 illius
853 908 1078 951 familiares;
1103 908 1273 943 incidunt
1292 912 1411 942 autem

61 957 105 990 in
134 967 294 991 sermone
324 957 427 991 cario
459 956 591 998 multa,
622 966 713 1000 quae
736 955 889 998 fortasse
912 955 1007 998 illis,
1037 966 1116 990 cum
1142 955 1241 997 disci,
1266 966 1329 990 nec
1353 956 1409 989 in-

64 1004 225 1038 litterata
248 1015 312 1038 nec
336 1004 478 1038 insulsa
502 1014 574 1038 esse
598 1003 791 1037 videantur
799 1016 811 1045 ;
845 1003 930 1037 haec
955 1003 1004 1037 ad
1028 1003 1133 1037 illum
1157 1013 1239 1037 cum
1262 1003 1412 1046 reliquis

64 1051 154 1086 actis
180 1051 418 1095 perferuntur
443 1071 487 1075 —
513 1051 568 1086 ita
598 1051 693 1084 enim
723 1050 799 1094 ipse
829 1050 1020 1085 mandavit
1044 1064 1108 1083 —.·
1138 1050 1190 1085 sic
1214 1050 1272 1093 lit,
1297 1054 1355 1092 ut,
1379 1050 1412 1085 si

64 1098 154 1142 quid
173 1103 361 1142 praeterea
387 1098 429 1132 de
454 1109 506 1132 me
532 1098 681 1139 audiat,
705 1107 780 1131 non
806 1097 1029 1132 audiendum
1051 1101 1162 1142 putet.

544 1311 589 1354 V.
631 1310 933 1352 CARMINA.

159 1392 255 1428 Suet.
278 1392 376 1427 Caes.
398 1395 455 1428 56.
492 1392 656 1437 Reliquit
680 1396 712 1427 et
736 1392 779 1427 de
797 1393 985 1438 Analoyia
1009 1393 1100 1427 duos
1125 1392 1235 1427 libros
1254 1397 1286 1427 et
1304 1392 1411 1427 Anti-

65 1445 209 1476 catones
251 1441 395 1475 totidem
439 1451 482 1475 ac
519 1445 707 1484 praeterea
746 1451 892 1484 poema,
935 1441 1031 1484 quod
1073 1441 1285 1475 inscribitur
1327 1441 1412 1475 Iter.

68 1488 229 1533 Quorum
260 1488 434 1523 librorum
459 1489 600 1532 primos
631 1488 672 1522 in
701 1488 863 1523 transitu
888 1487 1041 1532 Alpium
1071 1499 1151 1523 cum
1185 1499 1229 1522 ex
1253 1488 1414 1522 citeriore

69 1535 196 1571 Gallia
227 1536 457 1570 conventibus
483 1535 642 1579 peractis
667 1536 716 1570 ad
747 1536 940 1570 eoeercitum
964 1535 1113 1578 rediret,
1143 1539 1324 1580 sequentes
1347 1535 1413 1569 sub

64 1587 202 1627 tempus
234 1583 456 1618 Mundensis
482 1583 617 1627 proclii
646 1583 748 1626 fecit,
785 1583 1037 1625 novissimum,
1068 1583 1155 1617 dum
1185 1583 1231 1617 ab
1261 1583 1349 1617 urbe
1373 1582 1414 1616 in

66 1629 294 1674 Hispaniam
317 1630 522 1665 ulteriorem
547 1635 676 1674 quarto
700 1634 733 1665 et
756 1630 946 1665 vicensimo
971 1630 1030 1665 (lie
1049 1631 1223 1675 peri-enit.

159 1689 256 1723 Ibid.
303 1688 492 1723 Feruntur
528 1693 560 1723 et
598 1701 621 1723 a
653 1700 768 1733 puero
799 1693 832 1723 et
862 1689 907 1723 ab
939 1689 1206 1724 adulescentulo
1237 1688 1413 1733 quaedam

64 1737 213 1781 scripta,
238 1740 279 1771 ut
303 1736 452 1771 Laudes
476 1736 666 1779 Herculis,
691 1736 879 1781 traqoedia
908 1736 1065 1780 Oedipus
1091 1764 1098 1771 .
1121 1764 1128 1771 .
1150 1764 1158 1770 .
1185 1747 1274 1780 quos
1298 1736 1414 1771 omnis

65 1783 202 1819 libellos
226 1784 337 1819 vetuit
360 1784 550 1829 Auqustus
569 1784 766 1828 publicari.

163 1843 196 1877 T
195 1854 246 1878 ac.
262 1843 306 1878 de
321 1842 419 1878 Orat.
433 1845 492 1878 21.
519 1843 608 1878 Nisi
633 1844 696 1888 qui
721 1847 752 1878 et
776 1843 943 1878 carmina
967 1843 1159 1878 eorundem
1180 1842 1364 1886 (Caesaris
1383 1846 1415 1876 et

66 1889 195 1933 Bruti)
234 1891 400 1925 miratur.
451 1890 632 1926 Fecerunt
669 1891 763 1925 enim
794 1895 827 1925 et
856 1891 1021 1925 carmina
1052 1895 1084 1925 et
1115 1891 1156 1924 in
1188 1890 1415 1925 bibliothecas

65 1938 297 1980 rettulerunt,
332 1948 408 1972 nou
438 1938 582 1981 melius,
616 1949 725 1983 quam
752 1937 890 1981 Cicero,
927 1938 987 1973 sed
1016 1938 1177 1982 felicius,
1214 1938 1303 1982 quia
1333 1937 1415 1972 illos

66 1984 190 2027 fecisse
211 1986 403 2029 pauciores
427 1986 556 2020 sciunt.

162 2044 260 2079 Plut.
295 2044 394 2079 Caes.
427 2047 461 2080 2.
512 2045 587 2080 Καὶ
625 2044 813 2089 ποιήματα
850 2043 1006 2090 γράφων
1043 2045 1107 2079 καὶ
1144 2042 1275 2089 λόγους
1310 2043 1415 2084 τινὰς

67 2090 268 2136 ἀκροαταῖς
293 2090 448 2132 ἐκείνοις
477 2095 538 2136 (sc.
560 2093 698 2137 piratis
722 2092 914 2135 Asiaticis)
941 2091 1082 2137 ἐχρῆτο.

164 2150 263 2185 Ptin.
284 2151 404 2196 Epist.
426 2151 469 2194 V,
488 2154 523 2195 3,
541 2154 576 2186 2.
621 2151 738 2186 Facio
763 2161 1038 2196 nonnumquam
1062 2151 1254 2186 versiculos
1279 2161 1413 2186 severos

64 2207 218 2242 parum,
242 2198 359 2240 facio:
383 2199 491 2234 etiam
515 2199 716 2234 comoedias
741 2199 854 2234 audio
878 2203 911 2233 et
934 2203 1050 2243 specto
1075 2199 1201 2233 mimos
1225 2203 1258 2233 et
1284 2200 1415 2245 lyricos

69 2244 145 2289 leqo
164 2249 196 2279 et
214 2244 400 2281 Sotadicos
417 2246 602 2292 intelle905
627 2247 828 2290 aliquando
842 2250 1031 2292 praeterea
1049 2246 1161 2288 rideo,
1185 2245 1294 2289 ioco-r,
1318 2247 1414 2290 ludo,

68 2295 177 2336 utque
219 2294 341 2328 omnia
382 2294 556 2329 innoaeiae
592 2294 816 2329 remissionis
854 2305 986 2340 ¹qenera
1023 2294 1174 2328 breviter
1210 2294 1415 2338 amplectans,

67 2338 170 2374 homo
200 2350 289 2374 sum.
339 2341 416 2376 Nec
448 2352 529 2376 vero
560 2342 699 2376 moleste
728 2341 805 2384 fero
838 2342 933 2376 hanc
963 2352 1034 2376 esse
1064 2341 1107 2375 de
1138 2342 1297 2376 moribus
1327 2343 1416 2377 meir

71 2386 387 2430 existimationem,
423 2392 465 2423 ut
501 2389 564 2433 qui
600 2389 766 2425 nesciunt
802 2389 895 2423 talia
931 2388 1153 2424 doctissimos
1185 2390 1416 2433 gravissimos
