1669 2574
247 145 265 184 1

273 143 327 184 72
531 144 566 179 C.
594 143 708 178 IULII
734 141 960 178 CAESARIS
986 141 1296 177 FRAGMENTA.

242 250 358 285 LEX
375 249 531 285 IULIA
546 248 1015 283 REPETUNDARUM
1025 260 1058 283 a.
1073 260 1108 283 u.
1123 259 1150 284 c.
1165 248 1474 284 DOLXXXXV
1491 249 1583 293 (59).

241 371 272 402 1.

243 652 278 684 2.

243 793 276 825 3.

234 927 276 967 4.

247 1076 268 1108 5

338 320 429 364 Diy.
460 320 530 354 Tit.
557 322 618 361 48,
643 322 698 354 11.
749 319 807 354 De
833 320 903 365 Zeye
928 319 1029 354 Iulia
1055 319 1362 364 Repetusndarum.

304 366 624 401 MAROIANUS
647 367 737 401 libro
762 371 891 411 quarto
916 367 1050 402 decimo
1069 367 1348 402 institutionum.
1387 366 1466 401 Lete
1484 365 1587 401 Iulia

302 414 584 457 repetundarum
604 415 760 458 pertinet
785 415 834 448 ad
858 425 919 449 eas
944 414 1138 458 pecunias,
1170 424 1259 458 quas
1291 414 1371 458 quis
1402 414 1443 448 in
1473 413 1587 458 mayi-

301 464 420 495 stratu
440 465 614 505 potestate
638 461 825 496 curatione
850 462 1027 507 legatione
1051 461 1105 495 vel
1124 471 1193 505 quo
1212 461 1286 495 alio
1306 461 1426 505 officio
1445 471 1589 495 nzunere

302 508 542 543 ministeriove
568 508 717 552 publico
748 509 858 553 cepit,
895 509 949 543 vel
979 519 1060 544 cum
1090 519 1134 543 eoe
1164 508 1302 543 cohorte
1333 509 1437 543 cuius
1468 518 1589 543 eorum

268 558 283 588 1
303 558 362 590 est.
402 555 556 599 Excipit
575 555 643 598 leoe,
669 567 692 590 a
712 556 842 600 quibus
862 556 941 591 licet
960 556 1136 600 accipere:
1161 567 1184 590 a
1203 556 1360 591 sobrinis
1379 556 1589 600 propioreve

304 602 427 646 yradu
452 603 616 647 cognatis
640 603 716 638 suis
741 602 984 650 (uxorisve),
1008 613 1130 638 uxore.

306 648 582 684 SGAEVOLA
615 650 706 685 libro
731 654 858 695 quarto
883 650 1102 695 regularum.
1151 649 1277 684 Datur
1303 661 1345 684 ecc
1369 650 1437 684 hac
1462 649 1534 695 Zeye
1559 653 1590 684 et

303 696 344 730 in
380 697 522 732 heredes
558 698 653 732 actio
690 698 790 732 intra
827 708 966 731 annwm
1002 697 1195 732 dumtaoeat
1226 708 1249 731 a
1279 701 1389 732 morte
1419 697 1496 732 eius
1527 697 1590 741 qui

305 744 528 789 arquebatur
554 744 626 788 (Cf.
654 745 757 780 Mod.
784 745 871 790 Diy.
898 747 959 787 48,
983 747 1019 787 2,
1043 746 1119 787 20).

305 790 495 826 MAGER
521 791 613 827 libro
635 792 754 836 primo
775 792 1014 836 publicorum.
1064 791 1158 836 Leye
1183 791 1286 825 Iulia
1309 790 1589 835 repetundarum

305 842 456 881 tenetur,
482 838 558 884 qui⁷
585 850 668 873 cum
694 839 859 883 aliquam
884 840 1109 883 potestatem
1134 837 1302 882 haberet,
1326 837 1524 883 pecuniam
1543 837 1589 871 ob

304 884 545 919 iudicandum
577 886 634 920 vel
667 897 740 920 non
772 885 1016 920 iudicandum
1047 885 1363 920 decernendumve
1390 883 1590 929 acceperit:

313 932 428 967 VEN
432 933 466 967 U
465 933 566 967 LE]
570 933 631 968 US
678 933 1026 968 SATURNINUS
1072 933 1165 968 libro
1212 933 1316 968 tertio
1363 933 1591 977 publicorum

305 980 535 1059 iudiciorum.
587 979 644 1014 vel
676 991 749 1025 quo
781 979 902 1025 magis
936 982 1001 1015 aut
1030 979 1152 1014 minus
1186 979 1275 1024 quid
1308 990 1352 1014 ex
1378 978 1498 1014 officio
1525 989 1590 1013 suo

319 1027 455 1061 'aceret

273 1101 279 1107 .
308 1074 498 1109 MAGER
529 1075 620 1109 libro
646 1075 766 1119 primo
792 1075 1030 1119 publicorum.
1081 1075 1130 1109 In
1161 1075 1302 1110 comites
1333 1084 1469 1119 quoque
1494 1073 1591 1108 iudi-

309 1132 389 1156 cum
417 1132 460 1156 ecc
484 1122 551 1156 hac
577 1122 649 1167 Zeye
673 1122 851 1157 iudicium
875 1123 994 1157 datur.

249 1171 281 1202 6.
317 1169 430 1203 VEN
433 1169 567 1204 ULEI
570 1169 602 1204 U
604 1169 632 1204 S
648 1169 996 1204 SATURNINUS
1017 1169 1108 1204 libro
1127 1169 1229 1204 tertio
1244 1169 1473 1213 publicorum
1492 1167 1590 1202 iudi-

308 1216 454 1250 ciorum.
496 1216 638 1251 Eadem
665 1217 736 1262 leye
760 1221 926 1252 tenentur
952 1215 1015 1261 qui
1041 1216 1087 1251 ob
1114 1216 1411 1250 denuntiandum
1436 1215 1492 1249 vel
1517 1226 1592 1249 non

275 1266 291 1296 1
310 1262 607 1298 denuntiandum
638 1263 894 1298 testimonium
918 1263 1115 1308 pecuniam
1141 1263 1360 1308 acceperint.
1410 1263 1496 1297 Hac
1522 1263 1592 1307 {eye

309 1310 504 1346 damnatus
541 1311 782 1346 testimonium
815 1311 959 1356 publice
990 1312 1104 1346 dicere
1136 1315 1200 1346 aut
1230 1312 1341 1346 iudeoe
1371 1321 1442 1346 esse
1467 1313 1593 1354 postu-

274 1361 293 1390 2
310 1358 425 1392 Zareve
446 1359 666 1402 prohibetur.
711 1358 806 1404 Leye
824 1359 927 1393 Iulia
952 1359 1233 1403 repetundarum
1258 1362 1413 1401 cavetur,
1438 1368 1484 1391 ne
1510 1356 1591 1401 quis

311 1404 357 1438 ob
383 1404 543 1439 militem
574 1405 774 1450 legendum
799 1405 1067 1439 mittendumve
1094 1416 1156 1439 aes
1183 1405 1360 1450 accipiat,
1393 1415 1483 1439 neve
1510 1402 1592 1448 quis

312 1451 359 1485 ob
386 1452 612 1487 sententiam
637 1452 676 1486 in
702 1454 833 1487 senatu
860 1452 1057 1487 consiliove
1081 1452 1232 1497 publico
1260 1452 1457 1487 dicendam
1483 1461 1592 1496 pecu-

310 1498 411 1533 m'am
451 1499 630 1545 accipiat,
668 1500 725 1534 vel
763 1500 809 1534 ob
850 1500 1100 1534 accusandum
1131 1500 1187 1534 ve]
1218 1511 1291 1534 non
1327 1498 1592 1534 accusandum:

312 1548 426 1590 utque
459 1547 592 1581 urbani
623 1546 865 1592 magistratus
892 1548 937 1582 ab
962 1548 1060 1581 omni
1083 1548 1186 1582 sorde
1209 1558 1244 1582 se
1269 1547 1473 1582 abstineant
1502 1556 1592 1580 neve

311 1604 394 1650 plus
421 1605 508 1639 doni
534 1605 696 1639 muneris
722 1605 760 1639 in
786 1616 882 1639 anno
910 1605 1112 1650 accipiant,
1146 1616 1257 1650 quam
1283 1606 1382 1649 quod
1409 1605 1457 1640 sit
1481 1604 1541 1639 HS
1568 1596 1596 1639 ὃ

317 1655 522 1695 (awreorum
550 1657 689 1688 centum
715 1653 832 1698 Diffi).

259 1702 291 1735 7.
318 1699 508 1734 MAGER
534 1701 625 1735 libro
652 1701 771 1745 primo
796 1700 1015 1735 iudiciorum
1035 1700 1272 1744 publicorum.
1323 1700 1402 1735 Leoe
1426 1700 1530 1734 Iulia
1554 1700 1597 1734 de

312 1748 520 1791 repetundis
540 1748 734 1792 praecipit,
759 1758 805 1781 ne
831 1746 913 1790 quis
940 1747 986 1781 ob
1005 1746 1167 1781 iudicem
1187 1747 1410 1781 arbitrumve
1431 1747 1595 1781 dandum

313 1794 533 1828 mutandum
570 1794 817 1829 iubendumve
856 1796 898 1828 ut
929 1794 1084 1829 iudicet:
1125 1805 1214 1829 neve
1247 1794 1293 1829 ob
1325 1805 1400 1829 non
1431 1794 1595 1828 dandum

314 1852 388 1875 non
413 1842 633 1876 mutandum
658 1853 732 1876 non
756 1841 960 1875 iubendum
986 1844 1027 1875 ut
1048 1841 1205 1877 iudicet:
1232 1852 1322 1876 neve
1342 1842 1388 1876 ob
1408 1841 1595 1876 hominem

314 1888 352 1922 in
383 1888 530 1922 vincula
561 1889 712 1933 publica
744 1888 975 1923 coiciendum
1005 1888 1241 1923 vinciendum
1266 1888 1440 1924 vincirive
1465 1888 1595 1923 iuben-

314 1935 399 1969 dum
440 1946 527 1970 exve
565 1936 720 1970 vinculis
759 1936 1037 1971 dimittendum:
1077 1947 1166 1970 neve
1206 1936 1288 1980 quis
1327 1936 1373 1970 ob
1408 1935 1596 1970 hominem

315 1982 637 2017 condemnandum
663 1983 988 2018 absolvendumve:
1015 1993 1105 2018 neve
1131 1983 1178 2017 ob
1197 1983 1303 2018 litem
1323 1983 1595 2018 aestimandam

315 2029 538 2064 iudiciumve
565 2030 698 2075 capitis
724 2030 949 2074 pecuniaeve
975 2030 1187 2065 faciendum
1212 2030 1268 2064 vel
1292 2042 1365 2065 non
1384 2030 1596 2064 faciendum

282 2080 298 2110 1
316 2076 458 2121 aliquid
484 2077 676 2122 acceperit.
725 2078 889 2122 Apparet
914 2082 1044 2120 autem,
1069 2079 1163 2122 quod
1189 2078 1245 2112 leat
1270 2079 1314 2113 ab
1340 2078 1494 2122 eoeceptis
1515 2079 1593 2123 qui-

314 2125 393 2159 dem
430 2125 470 2158 in
507 2125 691 2168 infinitum
728 2136 851 2169 capere
884 2126 1075 2168 permittit,
1113 2125 1158 2159 ab
1182 2126 1238 2160 his
1269 2129 1404 2167 autem,
1438 2126 1502 2169 qui
1532 2126 1596 2161 hoc

317 2172 433 2216 capite
464 2176 731 2215 enumerantur,
762 2184 785 2206 a
809 2172 911 2206 nullo
938 2183 1049 2216 neque
1073 2172 1185 2207 ullam
1212 2173 1447 2217 qucmtitatcm
1474 2183 1598 2217 capere

282 2219 497 2263 2permittit.
558 2220 662 2253 Illud
699 2229 834 2264 quoque
870 2223 1026 2262 cavetur,
1068 2230 1113 2253 ne
1150 2219 1189 2253 in
1227 2221 1419 2264 acceptum
1456 2219 1598 2254 feratur

318 2277 408 2311 opus
433 2265 624 2310 publicum
648 2265 869 2310 faciendum,
896 2265 1119 2300 frumentum
1138 2266 1287 2311 publice
1307 2267 1473 2301 dandum
1491 2278 1597 2312 prae-

317 2313 481 2347 bendum
513 2313 903 2358 adpmehendendum,
943 2314 1043 2347 sarta
1075 2315 1175 2348 tecta
1206 2313 1362 2358 tuenda,
1396 2316 1596 2358 antequam

320 2360 486 2404 perfecta
511 2361 670 2405 probata
694 2360 876 2405 praestita
901 2360 982 2405 lege
1009 2362 1126 2395 erunt.

260 2410 295 2442 8.
324 2408 392 2442 ΡΑ
401 2408 467 2442 UL
476 2408 536 2443 US
565 2409 654 2443 libro
685 2408 1004 2454 quinquagensimo
1035 2412 1162 2453 quarto
1194 2409 1242 2442 acl
1273 2409 1434 2444 edictum
1494 2408 1596 2454 Quod

1635 2410 1638 2465 ἱ

1634 2472 1637 2507 1
