1638 2600
470 105 571 140 CAP.
598 104 925 139 XXmI—XXVII.
1315 104 1371 144 63

37 205 205 256 tateque
256 214 583 242 commemorare
635 204 872 255 coeperunt.
949 199 1138 250 Quorum
1187 199 1374 240 lacrimis
1399 209 1421 239 3

38 266 301 323 querelisque
335 264 488 306 Caesar
519 268 768 319 commotus,
802 280 896 306 cum
930 267 1053 306 antea
1084 264 1375 306 constituisset

37 345 59 374 e
89 330 256 372 stativis
294 329 443 371 castris
483 332 640 371 aestate
679 329 786 370 inita
823 330 986 370 cunctis
1019 329 1151 383 copiis
1189 328 1375 369 auxiliis-

0 421 1 425 =
38 409 117 450 que
148 394 293 435 accitis
324 393 484 435 bellum
518 408 613 435 cum
646 394 734 435 suis
767 393 1018 434 adversariis
1052 407 1217 447 gerere,
1248 393 1376 434 hieme

33 472 167 514 yerere
198 458 386 499 instituit
418 458 657 512 litterisque
690 457 883 499 celeriter
914 457 957 498 in
990 456 1177 498 Siciliam
1210 457 1262 498 ad
1286 455 1375 498 Ali-

0 531 2 551 }
37 538 159 566 enum
198 526 239 564 et
276 522 499 564 Rabirium
537 522 790 564 Postumum
829 522 1079 576 conscriptis
1119 524 1160 563 et
1199 536 1275 576 per
1312 535 1375 562 03-

0 610 2 618 =
36 591 254 642 tascopum
274 587 416 628 missis
436 588 664 640 imperavit,
685 589 734 628 ut
755 586 845 628 sine
864 600 984 627 mora
1003 600 1050 627 30
1069 585 1188 627 nulla
1207 600 1375 627 excusa-

0 660 3 680 *
36 653 149 695 tione
173 651 325 693 hiemis
344 654 654 706 ventorumque
675 665 804 705 quam
825 649 1041 692 celerrime
1061 650 1270 691 exercitus
1293 649 1377 691 sibi

0 730 2 735 ·
35 718 410 770 transportaretur:
440 715 630 757 Africam
655 715 919 770 provinciam
944 714 1081 768 perire
1100 713 1376 767 funditusque

0 789 3 810 ³
36 781 167 824 everti
199 781 251 822 ab
278 781 367 822 suis
399 780 604 835 inimicis3
636 779 749 834 quod
781 779 864 820 nisi
897 778 1088 820 celeriter
1113 777 1239 820 sociis
1264 777 1376 819 foret

0 850 3 875 ²
36 846 308 900 subventum,
348 848 516 900 praeter
556 845 690 899 ipsam
729 843 918 885 Africam
959 845 1115 884 terram
1155 841 1281 896 nihil,
1321 857 1374 884 ne

0 915 4 940 1
35 913 193 954 tectum
226 910 414 965 quidem,
447 924 530 964 quo
564 924 607 951 se
639 909 892 963 reciperent,
933 907 984 948 ab
1017 907 1188 949 illorum
1220 907 1374 949 scelere

36 976 283 1030 insidiisque
328 975 539 1029 reliquum
582 974 788 1015 futurum.
849 972 992 1026 Atque
1036 972 1126 1026 ipse
1169 972 1213 1013 in
1257 974 1375 1013 tanta

0 1053 4 1059 ’
36 1044 124 1083 erat
148 1040 419 1082 festinatione
447 1042 488 1081 et
513 1039 839 1093 exspectatione,
868 1040 917 1078 ut
942 1040 1111 1092 postero
1138 1037 1216 1091 dic,
1248 1051 1374 1090 quam

0 1129 4 1136 ·
36 1106 221 1148 misisset
244 1104 411 1146 litteras
437 1103 719 1157 nuntiumque
751 1103 795 1144 in
823 1101 1023 1155 Siciliam,
1056 1101 1232 1143 classem
1261 1117 1373 1143 exer-

0 1175 6 1202 5
36 1170 250 1223 citumque
287 1168 445 1209 morari
484 1168 659 1221 diceret,
699 1167 787 1208 dies
825 1169 1053 1220 noctesque
1086 1165 1230 1207 oculos
1262 1181 1373 1208 men—

0 1248 5 1254 ·
36 1236 204 1288 temque
236 1233 288 1274 ad
318 1247 433 1274 mare
472 1232 701 1285 dispositos
733 1231 1007 1284 derectosque
1037 1229 1223 1271 haberet.
1283 1230 1375 1272 Nec

0 1323 6 1331 ·
35 1298 206 1340 mirum:
244 1297 432 1338 animum
471 1295 717 1337 advertebat
753 1295 865 1336 enim
908 1294 1032 1336 villas
1072 1295 1209 1349 exuri,
1249 1309 1373 1349 agros

0 1382 5 1395 1
35 1362 203 1417 vastari,
234 1376 363 1416 pecus
390 1360 529 1414 diripi,
561 1359 776 1414 trucidari,
803 1359 958 1413 oppida
983 1358 1238 1413 castellaque
1264 1359 1375 1400 dirui

0 1434 7 1461 ›
37 1426 266 1481 deserique,
297 1425 512 1480 principes
539 1424 761 1466 civitatum
787 1427 860 1465 aut
886 1423 1067 1465 interfici
1093 1426 1167 1464 aut
1197 1423 1242 1464 in
1268 1426 1374 1465 cate-

0 1499 7 1526 1
36 1493 102 1534 nis
121 1491 268 1545 teneri,
298 1490 456 1532 liberos
478 1504 624 1531 eorum
645 1488 841 1530 obsidum
866 1488 1037 1530 nomine
1063 1488 1108 1529 in
1127 1488 1374 1530 servitutem

0 1565 8 1591 1
37 1557 190 1611 abripi,
233 1555 301 1597 hjs
346 1570 390 1597 se
428 1554 596 1596 miseris
634 1567 838 1607 suamque
876 1553 1002 1594 fidem
1046 1551 1374 1606 implorantibus

0 1638 8 1656 ,-
37 1621 193 1663 auxilio
231 1622 406 1675 propter
444 1619 661 1674 copiarum
698 1617 956 1671 paucitatem
995 1631 1085 1658 esse
1116 1630 1202 1657 non
1239 1630 1374 1670 posse.

0 1693 9 1721 Β
37 1685 194 1728 Milites
226 1684 397 1726 interim
429 1683 473 1724 in
500 1697 624 1737 opere
651 1696 843 1724 exercere
875 1684 1001 1736 atque
1028 1683 1166 1722 castra
1196 1681 1374 1736 munire,

0 1743 9 1785 ’ί
37 1753 190 1804 turres,
233 1748 406 1791 castella
447 1748 585 1789 facere
625 1747 843 1801 molesque
887 1746 1018 1787 iacere
1056 1745 1100 1786 in
1136 1759 1252 1786 mare
1288 1760 1374 1787 non

0 1823 10 1850 ὓ
38 1814 325 1858 intermittere.

122 1878 298 1921 XXVII.
351 1877 492 1932 Scipio
524 1877 696 1918 interim
728 1876 976 1931 elephantos
1007 1875 1088 1917 hoc
1119 1875 1245 1916 modo
1278 1890 1372 1917 con-

0 1940 11 1981 1-
40 1944 275 1986 docefacere
307 1942 505 1984 instituit.
566 1941 685 1983 Duas
716 1940 921 1982 instruxit
953 1939 1082 1993 acies,
1122 1953 1250 1980 unam
1280 1938 1372 1980 fun-

40 2009 221 2051 ditorum
259 2010 405 2049 contra
436 2006 702 2061 elephantos,
744 2020 850 2060 quae
882 2005 1004 2059 quasi
1037 2004 1373 2045 adversariorum

0 2072 175 2123 ’qlocum
216 2073 426 2114 obtineret
466 2075 508 2113 et
549 2074 695 2113 contra
736 2085 882 2112 eorum
925 2070 1111 2111 frontem
1156 2069 1373 2110 adversam

0 2147 11 2174 Β
38 2135 204 2192 lapillos
234 2138 422 2178 minutos
454 2136 661 2191 mitteret3
694 2135 842 2176 deinde
875 2135 919 2176 in
955 2134 1146 2176 ordinem
1178 2132 1372 2187 elephan-

0 2197 17 2243 ἰὰ
39 2203 104 2243 tos
136 2202 373 2256 constituit,
410 2204 508 2255 post
538 2200 635 2242 illos
668 2202 809 2242 autem
841 2214 961 2241 suam
994 2200 1126 2240 aciem
1158 2197 1373 2251 instruxit,

0 2263 18 2303 Β»
38 2267 97 2320 ut,
127 2281 222 2307 cum
254 2266 304 2307 ab
338 2265 588 2307 adversariis
619 2265 780 2319 lapides
812 2265 926 2305 mitti
959 2263 1196 2318 coepissent
1227 2264 1269 2302 et
1295 2261 1372 2302 010-

0 2326 18 2368 ἰ-.
38 2329 185 2384 phanti
222 2330 435 2384 perterriti
472 2345 516 2371 se
554 2329 606 2370 ad
644 2344 742 2370 suos
775 2329 1099 2381 convertissent,
1140 2340 1287 2367 rursus
1320 2325 1371 2366 ab
