1638 2600
514 101 614 137 CAP.
641 102 899 137 XX—XXIHI.
1318 102 1370 143 61

37 201 124 241 tate
156 201 198 240 et
226 213 303 252 per
333 201 374 239 te
406 198 496 252 ipse
522 200 626 240 satis
659 199 789 240 animi
819 199 1111 254 magnitudine
1138 198 1372 253 diligentia-

37 277 119 318 que
149 262 364 317 praedibus
395 277 534 304 nonne
567 263 739 304 eniteris
771 266 813 304 et
843 264 1123 317 proficisceris
1155 263 1206 304 ad
1238 265 1372 317 pater-

36 342 112 370 nas
162 326 377 368 clientelas
428 327 631 368 auxilium
681 327 761 368 tibi
811 327 955 381 reique
1005 328 1200 382 publicae
1246 330 1372 380 atque

37 391 198 446 optimo
230 391 381 444 cuique
414 391 748 446 efflagitatum?’

123 453 280 496 XXIII.
321 453 401 495 His
421 455 561 496 verbis
586 455 772 497 hominis
792 455 1032 510 gravissimi
1053 456 1254 497 incitatus
1275 455 1371 496 adu·
1400 466 1418 496 1

34 518 293 563 lescentulus
330 533 425 560 cum
462 520 669 561 naviculis
708 519 1023 574 cuiusquemodi
1065 521 1230 575 generis
1265 531 1372 573 XXX,

35 584 145 627 inibi
174 584 320 638 paucis
351 585 565 638 rostratis,
601 584 816 639 profectus
848 583 900 624 ab
932 583 1059 625 Utica
1090 585 1134 626 in
1165 585 1372 626 Maureta-

35 649 150 691 niam
192 661 455 703 regnumque
495 648 684 703 Bogudis
728 651 792 690 est
835 648 1053 703 ingressus
1093 649 1373 703 expeditoque

35 713 222 756 exercitu
255 727 484 767 servorum,
515 713 745 755 liberorum
771 724 804 754 ΙΙ
835 712 1002 754 milium
1034 728 1222 767 numero,
1255 713 1373 754 cuius

34 779 199 833 partem
230 776 452 831 inermem,
484 781 648 831 partem
681 780 885 818 armatam
916 777 1141 831 habuerat,
1173 778 1226 818 ad
1257 777 1373 831 oppi-

35 842 136 884 dum
166 839 378 882 Ascurum
411 842 603 883 accedere
637 843 792 897 eoepit3
832 842 876 883 in
909 857 992 896 quo
1025 842 1180 897 oppido
1218 841 1372 896 praesi-

36 907 152 948 dium
188 905 271 946 fuit
307 906 484 961 regium.
546 906 749 961 Pompeio
788 906 1036 948 adveniente
1075 906 1275 961 oppidani
1306 921 1373 947 us-
1399 917 1418 946 ‘3

36 985 117 1026 que
147 984 196 1012 eo
227 970 341 1024 passi
373 971 548 1024 propius
581 971 792 1025 accedere,
832 971 962 1013 donec
994 971 1046 1012 ad
1083 971 1197 1026 ipsas
1228 974 1372 1026 portas

35 1050 83 1077 ac
113 1049 284 1076 murum
316 1035 685 1090 adpropinquaret,
716 1036 858 1077 subito
885 1036 1106 1090 eruptione
1138 1036 1250 1077 facta
1280 1049 1373 1090 pro-

35 1103 192 1142 stratos
228 1100 561 1155 perterritosque
598 1099 880 1154 Pompeianos
921 1101 965 1141 in
1004 1115 1120 1142 mare
1160 1114 1372 1154 navesque

33 1165 193 1220 passim
219 1163 525 1218 compulerunt.
586 1163 653 1205 Ita
682 1179 727 1206 re
758 1164 867 1206 male
899 1167 1020 1219 gesta
1046 1164 1119 1206 Cn.
1145 1164 1372 1218 Pompeius
1398 1175 1419 1205 3

33 1228 148 1270 filius
191 1243 319 1269 naves
366 1228 463 1270 inde
511 1229 664 1270 avertit
707 1243 843 1283 neque
885 1231 1034 1282 postea
1076 1229 1178 1270 litus
1220 1229 1373 1284 adtigit

34 1293 296 1347 classemque
329 1293 381 1334 ad
412 1293 573 1334 insulas
605 1293 802 1334 Baleares
833 1307 981 1334 versus
1014 1293 1232 1334 convertit.

120 1355 300 1398 XXIIII.
343 1355 484 1411 Scipio
517 1357 687 1399 interim
713 1372 808 1399 cum
839 1357 906 1398 his
933 1358 1078 1412 copiis,
1112 1372 1217 1412 quas
1242 1357 1370 1411 paulo
1397 1368 1415 1398 1

34 1423 131 1464 ante
162 1421 561 1475 demonstravimus,
598 1421 748 1463 Uticae
788 1423 938 1477 grandi
975 1423 1185 1476 praesidio
1223 1422 1372 1463 relicto

33 1485 248 1542 profectus
279 1486 464 1540 primum
495 1485 749 1528 Hadrumeti
781 1490 919 1528 castra
952 1487 1094 1541 ponit,
1133 1487 1281 1528 deinde
1314 1487 1374 1528 ibi

33 1564 190 1605 paucos
228 1550 315 1591 dies
355 1552 640 1591 commoratus
672 1553 799 1592 noctu
841 1552 992 1593 itinere
1023 1552 1136 1593 facto
1169 1566 1265 1593 cum
1296 1551 1372 1592 La-

33 1614 148 1657 bieni
178 1617 221 1656 et
250 1614 391 1656 Petrei
423 1615 556 1669 copiis
588 1630 632 1657 se
665 1616 903 1671 coniungit,
936 1619 1062 1671 atque
1094 1616 1190 1657 unis
1223 1616 1372 1658 castris

33 1679 156 1721 factis
187 1690 238 1720 111
268 1679 388 1720 milia
418 1694 621 1734 passuum
658 1680 784 1736 longe
816 1695 844 1723 a
878 1679 1069 1723 Caesaris
1101 1682 1247 1723 castris
1279 1696 1373 1722 con-

34 1743 188 1786 sidunt.
248 1743 480 1798 Equitatus
513 1744 684 1786 interim
711 1760 856 1787 eorum
883 1746 1041 1787 circum
1069 1744 1258 1787 Caesaris
1283 1760 1372 1787 mu·
1398 1755 1418 1785 2

33 1807 216 1850 nitiones
246 1809 393 1863 vagari
425 1811 552 1863 atque
585 1823 673 1863 eos,
712 1810 785 1864 qui
822 1810 1052 1864 pabulandi
1084 1812 1158 1850 aut
1190 1810 1373 1864 aquandi

34 1873 170 1929 gratia
195 1876 315 1915 extra
342 1873 502 1915 vallum
533 1875 749 1929 progressi
776 1878 927 1929 essent,
960 1875 1169 1929 excipere:
1202 1875 1263 1916 ita
1288 1889 1372 1916 om-

33 1951 107 1980 nes
150 1938 412 1979 adversarios
456 1939 569 1979 intra
611 1939 869 1981 munitiones
913 1940 1138 1981 continere.
1202 1939 1294 1989 Qua
1328 1954 1372 1980 re
1398 1949 1418 1980 3

35 1999 271 2044 Caesariani
315 2003 433 2058 gravi
477 2018 644 2045 annona
687 2007 787 2044 sunt
829 2004 1079 2058 conflictati,
1122 2003 1216 2045 ideo
1262 2003 1374 2057 quod

33 2066 219 2108 nondum
256 2082 392 2121 neque
431 2067 482 2109 ab
523 2067 669 2109 Sicilia
705 2083 841 2123 neque
879 2069 930 2110 ab
965 2068 1160 2110 Sardinia
1195 2082 1372 2109 comme-

34 2132 127 2171 atus
158 2131 434 2186 subportatus
461 2135 563 2186 erat,
595 2147 731 2187 neque
762 2148 837 2188 per
865 2134 964 2175 anni
996 2137 1164 2187 tempus
1196 2133 1240 2173 in
1266 2132 1373 2173 mari

33 2193 185 2237 classes
223 2196 313 2238 sine
350 2196 538 2250 periculo
576 2198 722 2252 vagari
759 2201 974 2252 poterant,
1015 2211 1151 2251 neque
1190 2195 1372 2250 amplius

32 2258 150 2300 milia
185 2274 387 2314 passuum
418 2273 466 2302 VI
497 2264 634 2303 terrae
665 2261 834 2304 Africae
867 2276 1037 2317 quoquo
1075 2275 1222 2302 versus
1260 2264 1372 2302 tene-

33 2321 136 2364 bant
173 2324 402 2379 pabulique
440 2326 584 2380 inopia
619 2326 930 2381 premebantur.
994 2325 1086 2375 Qua
1121 2325 1372 2366 necessitate
1397 2336 1419 2366 4
