1669 2574
176 128 257 169 102
616 125 811 159 BELLUM
834 124 1058 159 AFRIGUM.

168 238 245 264 nec
275 224 402 263 minis
433 237 509 263 nec
539 221 735 276 precibus
767 220 855 261 suis
886 220 1058 274 moveri,
1091 235 1173 274 quo
1205 221 1341 276 magis
1373 237 1416 263 se
1442 237 1503 264 re-

170 288 368 341 ciperent,
399 286 525 327 tertio
551 286 660 340 petit
685 285 736 326 ab
763 284 835 338 eis,
862 286 910 324 ut
935 284 1017 325 sibi
1042 285 1240 339 coniuges
1265 285 1504 341 liberosque

169 350 407 402 redderent,
449 351 498 390 ut
541 363 683 390 secum
726 363 797 390 eos
841 351 1086 402 asportaret.
1153 348 1385 404 Postquam
1422 351 1503 391 sibi

169 414 277 454 nihil
308 414 478 454 omnino
511 413 743 467 oppidanos
774 412 965 466 responsi
998 412 1170 454 reddere
1196 414 1504 468 animadvertit,

169 477 285 518 nulla
314 491 359 518 re
391 477 442 517 ab
473 476 541 518 his
572 477 797 530 impetrata
827 477 879 517 ab
910 476 1040 517 Zama
1077 476 1252 518 discedit
1289 481 1415 532 atque
1453 479 1506 520 ad

168 541 313 582 villam
351 556 470 582 suam
508 556 604 583 cum
640 541 695 582 M.
727 541 895 582 Petreio
932 540 1160 595 paucisque
1205 542 1418 596 equitibus
1461 558 1506 583 se

169 606 342 647 confert.

254 669 508 712 LXXXXII.
569 670 794 712 Zamenses
826 669 997 711 interim
1022 669 1186 724 legatos
1212 671 1261 712 de
1286 671 1353 712 his
1378 673 1504 713 rebus

169 734 221 774 ad
258 733 478 776 Caesarem
515 733 686 776 Uticam
728 735 907 775 mittunt
949 736 1183 788 petuntque
1226 735 1277 776 ab
1321 750 1386 790 eo,
1429 737 1505 790 uti,

169 801 394 854 antequam
436 814 511 840 rex
552 814 725 840 manum
763 799 984 853 colligeret
1020 813 1194 852 seseque
1232 805 1505 855 oppugnaret,

169 864 251 905 sibi
287 864 493 905 auxilium
535 864 741 905 mitteret:
786 879 830 905 se
875 866 1017 904 tamen
1060 865 1229 916 paratos
1273 878 1381 918 esse,
1423 865 1505 906 sibi

169 928 306 982 quoad
348 929 437 969 vita
479 931 740 982 suppeteret,
785 928 987 982 oppidum
1031 942 1158 981 seque
1201 928 1240 969 ei
1282 943 1504 971 reservare.

167 991 350 1046 Legatos
395 991 669 1033 conlaudatos
708 990 861 1033 Caesar
901 992 1073 1033 domum
1110 992 1228 1033 iubet
1264 993 1506 1035 antecedere

169 1071 216 1096 ac
259 1070 381 1097 suum
425 1056 653 1096 adventum
696 1057 1003 1110 praenuntiare.
1077 1055 1172 1110 Ipse
1220 1059 1390 1111 postero
1440 1059 1505 1100 die

166 1120 294 1162 Utica
325 1134 520 1175 egressus
553 1135 649 1161 cum
681 1121 873 1175 equitatu
905 1121 949 1162 in
980 1135 1157 1176 regnum
1189 1121 1249 1162 ire
1279 1123 1504 1164 contendit.

121 1211 140 1226 .-‚
167 1183 343 1226 Interim
374 1185 418 1226 in
449 1184 600 1226 itinere
633 1200 685 1226 ex
715 1185 844 1240 regiis
877 1186 1009 1239 copiis
1040 1186 1165 1227 duces
1192 1186 1428 1240 complures
1455 1188 1507 1228 ad

120 1278 129 1284 .
169 1248 388 1291 Caesarem
418 1250 595 1291 veniunt
626 1252 849 1304 orantque,
884 1253 933 1291 ut
964 1250 1043 1291 sibi
1077 1250 1280 1305 ignoscat.
1343 1251 1505 1300 Quibus

167 1314 428 1368 supplicibus
483 1315 606 1356 venia
661 1314 758 1355 data
806 1313 978 1355 Zamam
1031 1315 1233 1368 pervenit.
1318 1315 1504 1357 Rumore

166 1378 336 1420 interim
378 1378 540 1433 perlato
586 1379 635 1420 de
674 1379 764 1420 eius
801 1378 976 1419 lenitate
1017 1379 1322 1434 clementiaque
1358 1395 1505 1435 prope-

166 1443 338 1484 modum
381 1457 525 1484 omnes
572 1443 693 1498 regni
737 1443 900 1497 equites
944 1442 1116 1484 Zamam
1158 1444 1410 1498 perveniunt
1454 1446 1506 1485 ad

168 1507 388 1549 Caesarem
420 1508 471 1548 ab
504 1522 637 1561 eoque
669 1509 768 1549 sunt
798 1510 915 1548 metu
946 1507 1217 1562 periculoque
1248 1508 1428 1550 liberati.

253 1571 529 1613 LXXXXIII.
590 1571 704 1613 Dum
737 1571 841 1612 haec
877 1572 1103 1626 utrobique
1142 1574 1363 1627 geruntur,
1401 1572 1506 1615 Con-

167 1637 312 1691 sidius,
339 1637 412 1691 qui
436 1636 654 1690 Thysdrae
681 1651 775 1678 cum
801 1636 963 1677 familia
988 1646 1075 1691 sua,
1103 1637 1354 1691 gladiatoria
1378 1653 1504 1680 manu

169 1701 443 1755 Gaetulisque
467 1703 671 1755 praeerat,
700 1701 871 1755 cognita
896 1701 1019 1742 caede
1044 1715 1217 1742 suorum
1242 1701 1506 1757 Domitiique

167 1769 210 1808 ct
238 1766 455 1820 legionum
481 1765 664 1807 adventu
695 1765 946 1819 perterritus
979 1766 1200 1820 desperata
1228 1765 1363 1807 salute
1390 1767 1505 1821 oppi-

168 1831 267 1871 dum
300 1830 454 1871 deserit
485 1845 612 1884 seque
646 1830 753 1871 clam
785 1845 881 1871 cum
917 1830 1062 1884 paucis
1101 1831 1292 1872 barbaris
1329 1832 1507 1885 pecunia

167 1897 344 1936 onustus
383 1895 581 1936 subducit
618 1897 744 1948 atque
782 1895 826 1936 in
868 1909 1048 1950 regnum
1090 1895 1235 1949 fugere
1279 1895 1503 1936 contendit.

168 1958 301 2009 Quem
335 1958 521 2013 Gaetuli,
559 1959 625 2000 sui
657 1959 849 2013 comites,
887 1958 931 1999 in
968 1958 1118 1999 itinere
1154 1957 1332 2011 praedae
1364 1959 1505 2012 cupidi

168 2022 394 2064 concidunt
424 2037 568 2077 seque,
606 2023 650 2063 in
684 2037 969 2077 quascumque
1003 2025 1177 2076 potuere
1213 2025 1372 2077 partes,
1411 2038 1504 2064 con-

123 2099 129 2108 ‘
167 2087 319 2128 ferunt.
382 2085 424 2128 C.
456 2087 627 2128 interim
659 2085 888 2141 Vergilius,
918 2088 1145 2139 postquam
1173 2087 1286 2126 terra
1315 2086 1506 2140 marique

168 2151 334 2193 clausus
367 2165 410 2192 se
442 2150 550 2191 nihil
580 2150 783 2205 proficere
816 2150 1027 2192 intellexit
1053 2164 1234 2204 suosque
1260 2150 1505 2192 interfectos

169 2218 241 2256 aut
283 2215 471 2270 fugatos,
515 2214 570 2256 M.
610 2213 813 2256 Catonem
855 2214 1005 2256 Uticae
1049 2214 1129 2256 sibi
1173 2214 1312 2268 ipsum
1355 2230 1505 2256 manus

169 2279 378 2334 attulisse,
415 2293 559 2334 regem
599 2293 755 2334 vagum
793 2279 843 2320 ab
883 2279 1054 2332 suisque
1093 2279 1304 2320 desertum
1337 2280 1388 2320 ab
1421 2294 1505 2321 om-

168 2345 293 2385 nibus
333 2344 565 2398 aspernari,
611 2343 838 2385 Saburram
882 2344 1055 2397 eiusque
1100 2343 1240 2397 copias
1285 2343 1336 2384 ab
1379 2342 1504 2384 Sittio
