1669 2574
281 108 337 148 64
726 105 921 140 BELLUM
949 105 1172 140 AFRIOUM.

281 217 356 243 sua
399 203 486 244 acie
528 201 740 255 lapidibus
784 201 926 241 missis
971 215 1041 242 eos
1083 203 1374 242 converterent
1417 201 1614 242 adversus

234 278 255 307 2
281 267 458 307 hostem.
516 264 638 314 Quod
670 278 792 319 aegre
824 264 1026 319 tardeque
1057 265 1203 321 fiebat,
1237 265 1362 307 rudes
1394 264 1507 305 enim
1538 264 1614 306 ele-

235 535 253 565 1

283 330 432 384 phanti
482 329 714 370 multorum
758 344 963 370 annorum
1009 328 1200 371 doctrina
1242 343 1405 383 usuque
1447 331 1614 370 vetusto

283 395 355 435 vix
392 394 528 435 edocti
566 397 707 436 tamen
745 394 959 435 communi
996 393 1183 447 periculo
1221 394 1265 435 in
1297 394 1429 435 aciem
1465 392 1615 447 produ-

282 461 444 511 cuntur.

367 521 567 564 XXVIII.
617 522 731 564 Dum
755 522 861 564 haec
884 522 936 563 ad
954 522 1189 576 Ruspinam
1216 522 1267 563 ab
1293 521 1485 575 utrisque
1505 521 1616 562 duci-

281 586 360 627 bus
382 586 743 641 administrantur,
771 585 813 627 G.
835 585 1053 641 Vergilius
1079 587 1327 641 praetorius,
1355 586 1427 640 qui
1446 585 1617 640 Thapsi,

282 651 436 704 oppido
474 651 706 705 maritimo,
747 654 955 705 praeerat,
996 665 1091 692 cum
1136 651 1322 692 animum
1368 650 1618 691 advertisset

281 730 408 756 naves
440 715 629 770 singulas
657 730 752 756 cum
779 716 968 757 exercitu
995 714 1183 757 Caesaris
1216 716 1398 757 incertas
1428 714 1618 756 locorum

282 782 407 834 atque
451 783 686 822 castrorum
730 794 904 821 suorum
948 780 1115 835 vagari,
1165 780 1426 821 occasionem
1468 782 1617 820 nactus

281 859 448 898 navem,
481 859 606 898 quam
639 844 698 885 ibi
729 843 898 898 habuit,
931 845 1162 886 actuariam
1195 844 1378 899 complet
1408 843 1616 885 militibus

282 911 323 950 et
355 909 587 962 sagittariis
621 911 662 950 et
694 908 828 949 eidem
860 908 1039 962 scaphas
1067 909 1116 950 de
1148 908 1325 949 navibus
1353 908 1546 963 adiungit
1571 922 1618 949 ac

283 973 471 1027 singulas
503 988 630 1014 naves
658 971 928 1014 Caesarianas
961 973 1193 1014 consectari
1226 973 1374 1027 coepit.
1433 972 1491 1013 Et
1522 987 1618 1014 cum

282 1038 423 1092 plures
462 1038 634 1078 adortus
673 1040 783 1079 esset
814 1037 962 1091 pulsus
994 1038 1252 1092 fugatusque
1284 1037 1381 1079 inde
1407 1037 1618 1079 discessis-

282 1105 347 1144 set
388 1117 465 1143 nec
507 1105 650 1143 tamen
689 1102 910 1143 desisteret
947 1102 1197 1157 periclitari,
1240 1102 1350 1144 forte
1391 1102 1538 1144 incidit
1574 1102 1618 1143 in

282 1181 448 1221 navem,
486 1166 530 1207 in
563 1181 645 1221 qua
676 1169 796 1208 erant
829 1167 911 1207 duo
944 1166 1063 1220 Titii,
1104 1165 1287 1220 Hispani
1320 1166 1618 1221 adulescentes,

282 1231 444 1271 tribuni
474 1230 654 1286 legionis
686 1242 728 1284 V,
761 1245 940 1284 quorum
972 1233 1135 1285 patrem
1170 1229 1321 1271 Caesar
1350 1231 1394 1272 in
1426 1234 1618 1272 senatum

281 1295 454 1350 legerat,
485 1298 526 1336 et
553 1311 647 1336 cum
678 1295 745 1336 his
772 1294 817 1336 T.
846 1294 1052 1349 Salienus,
1085 1295 1274 1336 centurio
1306 1294 1486 1350 legionis
1513 1295 1617 1336 eius-

283 1360 393 1414 dem,
439 1360 511 1414 qui
547 1359 603 1400 M.
636 1359 861 1400 Messalam
906 1360 1095 1415 legatum
1140 1359 1361 1401 obsederat
1399 1358 1618 1401 Messanae

282 1424 605 1465 seditiosissima
636 1424 825 1465 oratione
857 1425 970 1477 apud
1003 1438 1099 1465 eum
1131 1437 1233 1464 usus
1271 1423 1466 1477 idemque
1496 1438 1618 1477 pecu-

280 1488 394 1528 niam
426 1490 467 1528 et
499 1491 746 1529 ornamenta
776 1488 985 1542 triumphi
1016 1487 1204 1529 Caesaris
1236 1487 1454 1528 retinenda
1480 1490 1521 1529 et
1552 1502 1618 1529 cu—

282 1551 503 1594 stodienda
533 1554 701 1592 curarat
733 1554 775 1593 et
807 1552 859 1593 ob
892 1551 969 1592 has
1002 1566 1148 1593 causas
1181 1552 1263 1593 sibi
1294 1552 1482 1594 timebat.
1536 1551 1619 1593 Hic

281 1619 454 1671 propter
474 1616 775 1657 conscientiam
801 1619 1070 1670 peccatorum
1091 1631 1265 1658 suorum
1287 1616 1497 1670 persuasit
1523 1616 1618 1657 adu-

280 1680 555 1734 lescentibus,
587 1695 638 1721 ne
664 1683 951 1735 repugnarent
977 1695 1151 1736 seseque
1171 1680 1362 1735 Vergilio
1394 1680 1618 1722 traderent,
1642 1735 1643 1739 Ἰ

280 1744 430 1799 Itaque
475 1745 643 1786 deducti
687 1759 711 1785 a
753 1743 945 1799 Vergilio
992 1746 1044 1786 ad
1088 1744 1329 1799 Scipionem
1373 1745 1618 1786 custodibus

281 1810 427 1850 traditi
453 1812 495 1851 et
526 1812 623 1863 post
650 1809 760 1850 diem
791 1811 965 1851 tertium
1000 1813 1099 1852 sunt
1130 1809 1353 1851 interfecti.
1417 1808 1499 1858 Qui
1524 1823 1619 1850 cum

283 1874 535 1914 ducerentur
572 1873 623 1914 ad
662 1888 823 1928 necem,
865 1876 1023 1929 petisse
1063 1874 1218 1915 dicitur
1253 1874 1388 1915 maior
1426 1873 1564 1915 Titius
1596 1888 1620 1914 a

283 1938 618 1991 centurionibus,
658 1938 722 1978 uti
754 1953 798 1979 se
830 1939 1014 1992 priorem
1050 1954 1176 1993 quam
1208 1938 1382 1979 fratrem
1417 1938 1619 1979 interfice-

282 2005 393 2056 rent,
434 2002 559 2056 idque
601 2002 652 2042 ab
695 2002 754 2042 eis
795 2002 917 2044 facile
958 2004 1224 2057 impetrasse,
1266 2006 1392 2057 atque
1433 2002 1493 2043 ita
1529 2016 1619 2044 esse

282 2066 538 2108 interfectos.

370 2129 592 2172 XXVIIII.
634 2129 814 2172 Turmae
841 2132 1010 2172 interim
1038 2132 1240 2185 equitum,
1274 2145 1380 2184 quae
1405 2144 1482 2183 pro
1507 2130 1618 2172 vallo

283 2196 327 2237 in
358 2195 613 2236 stationibus
645 2210 736 2236 esse
769 2195 960 2237 solebant
993 2196 1063 2250 [ab
1090 2196 1281 2249 utrisque
1309 2194 1503 2249 ducibus]
1514 2228 1524 2249 ,
1555 2209 1619 2236 co-

282 2260 385 2301 tidie
425 2260 602 2300 minutis
644 2259 816 2314 proeliis
857 2260 968 2301 inter
1007 2274 1050 2301 se
1089 2259 1329 2313 depugnare
1370 2272 1455 2298 non
1494 2258 1619 2298 inter-

282 2325 477 2379 mittunt,
509 2339 826 2378 nonnumquam
859 2325 986 2366 etiam
1021 2323 1218 2365 Germani
1249 2322 1443 2376 Gallique
1474 2322 1619 2363 Labie-

1634 2404 1643 2574 i
