1669 2574
300 99 354 140 66
745 99 940 133 BELLUM
963 98 1186 133 AFRICUM.

249 205 270 235 4
297 197 416 235 esset.
477 194 537 235 At
566 195 670 235 haec
699 208 785 234 non
816 194 906 248 ipse
936 208 1012 247 per
1042 208 1087 235 se
1118 208 1276 248 coram,
1307 208 1403 235 cum
1435 193 1485 234 de
1515 193 1625 235 vallo

296 258 680 312 prospecularetur,
717 258 791 299 sed
820 258 1006 298 mirabili
1043 257 1205 311 peritus
1237 258 1413 299 scientia
1443 257 1628 300 bellandi

297 323 340 362 in
371 322 581 375 praetorio
621 322 770 363 sedens
801 337 876 376 per
908 321 1191 376 speculatores
1224 325 1266 363 et
1299 322 1470 363 nuntios
1503 322 1628 376 impe-

250 398 269 428 5
295 386 427 439 rabat,
454 400 558 439 quae
583 387 676 427 fieri
701 386 881 428 volebat.
931 385 1308 428 Animadvertebat
1333 386 1457 440 enim,
1489 401 1629 440 quam->

298 464 423 503 quam
472 450 639 505 magnis
685 453 825 492 essent
869 450 1002 504 copiis
1047 451 1273 492 adversarii
1320 451 1440 505 freti,
1489 453 1630 492 tamen

297 528 419 567 saepe
452 529 476 554 a
506 529 550 556 se
581 514 758 570 fugatis,
795 515 931 569 pulsis
962 515 1283 569 perterritisque
1316 517 1358 556 et
1389 529 1629 557 concessam

296 578 428 619 vitam
455 581 496 619 et
527 579 675 634 ignota
704 582 893 634 peccata3
926 579 1080 633 quibus
1105 579 1231 621 rebus
1256 593 1487 632 numquam
1513 581 1631 620 tanta

297 646 541 697 suppeteret
583 657 635 684 ex
683 644 873 698 ipsorum
924 643 1078 684 inertia
1120 643 1459 696 conscientiaque
1503 643 1631 684 animi

251 718 271 748 6
296 707 498 749 victoriae
528 707 693 762 fiducia,
723 710 773 748 ut
799 710 936 748 castra
967 722 1044 748 sua
1070 708 1225 749 adoriri
1252 707 1461 748 auderent.
1508 706 1630 748 Prae-

297 774 412 813 terea
448 772 582 826 ipsius
614 787 768 813 nomen
800 773 1114 827 auctoritasque
1145 786 1317 827 magna·
1329 786 1380 812 ex
1415 773 1535 825 parte
1566 785 1630 812 eo-

253 848 271 878 7
296 851 391 877 rum
418 836 626 877 exercitus
651 837 869 878 minuebat
902 837 1129 878 audaciam.
1179 836 1287 877 Tum
1319 836 1511 890 egregiae
1542 850 1629 877 mu-

298 900 481 941 nitiones
508 904 742 941 castrorum
775 903 901 955 atque
925 901 1027 942 valli
1058 902 1351 954 fossarumque
1384 899 1563 940 altitudo
1590 902 1632 941 et

299 968 417 1006 extra
453 965 611 1006 vallum
649 964 739 1005 stili
778 965 889 1007 caeci
926 966 1164 1006 mirabilem
1201 965 1245 1005 in
1275 964 1448 1005 modum
1479 965 1632 1006 consiti

297 1029 365 1070 vel
401 1029 491 1070 sine
524 1029 816 1070 defensoribus
849 1029 1012 1070 aditum
1049 1029 1297 1071 adversariis
1334 1028 1630 1082 prohibebant:

297 1094 579 1147 scorpionum,
611 1093 921 1147 catapultarum
951 1097 1269 1148 ceterorumque
1300 1094 1493 1148 telorum,
1526 1109 1631 1148 quae

299 1158 350 1198 ad
382 1157 687 1199 defendendum
720 1158 858 1200 solent
888 1159 1047 1213 parari,
1084 1172 1281 1213 magnam
1314 1158 1477 1213 copiam
1507 1157 1631 1200 habe-

252 1234 271 1263 8
297 1223 380 1263 bat.
441 1221 584 1276 Atque
607 1221 711 1263 haec
741 1225 916 1277 propter
941 1224 1150 1265 exercitus
1179 1223 1246 1265 sui
1276 1223 1508 1276 praesentis
1532 1238 1632 1277 pau-

299 1288 468 1328 citatem
506 1290 548 1328 et
584 1287 828 1328 tirocinium
865 1290 1204 1342 praeparaverat,
1241 1301 1326 1328 non
1362 1286 1552 1328 hostium
1589 1288 1632 1329 vi

299 1355 340 1393 et
370 1354 487 1392 metu
518 1354 755 1392 commotus
792 1352 1025 1405 patientem
1056 1366 1100 1393 se
1132 1351 1412 1405 timidumque
1442 1351 1631 1393 hostium

253 1428 272 1458 9
300 1416 490 1470 opinioni
521 1415 759 1469 praebebat.
820 1415 970 1470 Neque
1003 1416 1158 1457 idcirco
1191 1416 1344 1470 copias,
1377 1429 1632 1470 quamquam

299 1484 418 1522 erant
442 1494 599 1534 paucae
624 1480 906 1535 tironumque,
937 1495 1022 1522 non
1048 1480 1251 1522 educebat
1275 1480 1319 1521 in
1345 1480 1488 1534 aciem,
1520 1480 1632 1534 quod

298 1545 498 1586 victoriae
539 1558 711 1585 suorum
753 1544 983 1599 diffideret,
1028 1545 1101 1587 sed
1140 1545 1295 1586 referre
1337 1544 1631 1600 arbitrabatur,

299 1609 533 1650 cuiusmodi
571 1609 751 1650 victoria
789 1612 899 1650 esset
935 1609 1096 1664 futura,
1136 1612 1260 1663 turpe
1292 1609 1404 1650 enim
1436 1609 1517 1650 sibi
1549 1610 1630 1651 exi-

299 1674 498 1715 stimabat
537 1676 603 1715 tot
639 1673 765 1714 rebus
804 1673 935 1729 gestis
967 1674 1181 1728 tantisque
1213 1673 1466 1714 exercitibus
1498 1673 1630 1715 devic-

298 1738 372 1792 tiS,
409 1741 474 1779 tot
512 1741 600 1779 tam
638 1738 762 1779 claris
794 1738 984 1780 victoriis
1017 1738 1168 1793 partis,
1209 1738 1260 1779 ab
1292 1738 1467 1792 reliquis
1499 1738 1630 1792 copiis

298 1803 634 1844 adversariorum
673 1817 846 1844 suorum
885 1818 936 1844 ex
976 1803 1080 1858 fuga
1117 1803 1302 1845 collectis
1341 1818 1384 1844 se
1416 1806 1632 1844 cruentam

229 1878 272 1908 10
299 1868 497 1921 adeptum
523 1867 758 1908 existimari
783 1868 1016 1908 victoriam.
1067 1865 1216 1921 Itaque
1243 1866 1519 1908 constituerat
1545 1866 1631 1921 glo·
1654 1863 1655 1866 '

297 1932 403 1972 riam
436 1930 844 1984 exsultationemque
877 1945 1021 1972 eorum
1053 1931 1161 1985 pati,
1200 1931 1330 1972 donec
1362 1931 1444 1972 sibi
1473 1933 1651 1978 vetera-¹

298 2010 447 2036 narum
489 1995 706 2050 legionum
755 2009 852 2048 pars
897 1996 1040 2050 aliqua
1083 1995 1127 2036 in
1171 1995 1352 2036 secundo
1397 1998 1660 2036 commeatu>

299 2060 559 2101 occurrisset.
1616 2109 1619 2113 ,
1662 2063 1663 2066 ’

252 2136 269 2165 1
386 2122 561 2165 XXXII.
618 2122 760 2177 Scipio
802 2124 972 2164 interim
1010 2124 1241 2178 paulisper,
1284 2126 1333 2165 ut
1373 2126 1496 2164 antea
1534 2116 1669 2177 dixi,:f

299 2190 341 2229 in
374 2203 421 2229 eo
452 2188 545 2229 loco
579 2190 874 2241 commoratus,
908 2190 957 2228 ut
989 2188 1109 2242 quasi
1141 2188 1381 2241 despexisse
1414 2187 1639 2229 Caesarem¹
1660 2181 1669 2227 1

298 2253 528 2307 videretur,
571 2252 776 2306 paulatim
817 2252 980 2293 reducit
1017 2266 1113 2292 suas
1151 2252 1293 2306 copias
1333 2252 1377 2292 in
1418 2255 1555 2293 castra
1591 2253 1632 2292 et
1668 2255 1669 2263 ¹

299 2318 493 2358 contione
526 2317 726 2357 advocata
753 2316 801 2357 de
832 2319 991 2357 terrore
1018 2330 1093 2357 suo
1121 2316 1493 2370 desperationeque
1519 2330 1629 2357 exer·
1666 2309 1669 2354 ἶ
