1669 2574
223 1567 243 1597 Ν)

1622 71 1623 74 Α
1622 32 1630 56 κ,-
1628 17 1630 25 „⁴
1619 0 1626 6 ι

1633 85 1635 88 “
1631 0 1644 39 ,μὶ-5

275 109 330 150 86
715 108 912 143 BELLUM
936 107 1161 142 AFRIGUM.

273 205 386 259 agris
424 207 466 245 et
502 205 547 245 in
584 203 781 244 omnibus
818 203 906 244 fere
935 202 1051 243 villis
1083 201 1161 243 sub
1200 204 1312 243 terra
1343 216 1491 256 specus
1521 201 1606 242 fru-
1632 215 1633 218 ’

270 268 406 309 menti
437 267 642 309 condendi
674 267 812 322 gratia
842 266 951 308 clam
981 266 1166 307 habeant
1203 268 1328 320 atque
1360 265 1404 306 id
1434 267 1629 320 propter.

271 333 382 373 bella
418 332 602 373 maxime
638 331 911 386 hostiumque
952 331 1143 372 subitum
1179 330 1407 371 adventum
1436 345 1606 384 praepa-
1620 324 1645 376 >f

271 399 375 438 rent.
438 396 530 445 Qua
573 396 623 437 de
665 411 710 437 re
754 395 905 437 Caesar
947 409 1023 450 per
1062 395 1243 437 indicem
1281 395 1435 436 certior
1469 394 1607 436 factus
1622 390 1643 438 ῥ’

271 461 397 501 tertia
426 461 576 515 vigilia
611 460 801 516 legiones
834 460 937 501 duas
971 474 1065 501 cum
1102 459 1294 514 equitatu
1324 459 1459 500 mittit
1489 474 1515 500 a
1545 473 1607 500 ca·

272 525 371 566 stris
404 526 491 566 suis
522 524 641 566 milia
669 539 872 580 passuum
901 536 933 565 X
969 526 1094 578 atque
1113 524 1222 567 *inde
1246 537 1401 579 magno
1431 523 1644 575 numero}

270 589 474 631 frumenti
505 593 680 632 onustos
712 590 864 644 recipit
901 589 945 630 in
978 590 1125 630 castra.
1188 587 1350 638 Quibus
1385 588 1510 629 rebus
1543 602 1607 629 co·
1630 585 1644 642 {3

272 654 402 709 gnitis
439 653 650 695 Labienus
694 668 945 710 progressus
983 668 1007 694 a
1044 653 1133 693 suis
1177 653 1325 693 castris
1361 652 1481 693 milia
1514 666 1607 706 pas·
1631 651 1643 702 τ’,

271 732 396 759 suum
420 730 487 759 VII
510 733 585 773 per
609 718 759 774 iugum
785 721 827 760 et
852 719 1014 773 collem,
1044 732 1120 772 per
1145 731 1270 771 quem
1297 715 1449 758 Caesar
1472 716 1608 771 pridie
1632 731 1643 760 ⁵:

270 783 352 825 iter
391 783 570 838 fecerat,
610 783 671 824 ibi
709 786 847 824 castra
884 783 1060 824 duarum
1096 781 1314 836 legionum
1348 781 1451 823 facit
1483 784 1608 836 atque
1642 783 1643 788 ’

269 848 360 902 ipse
392 847 546 890 cotidie
579 848 826 889 existimans
859 847 1079 889 Caesarem
1105 846 1249 887 eadem
1275 860 1398 900 saepe
1425 846 1607 887 frumen—
1638 837 1644 886 ἶ

269 913 389 954 tandi
420 913 558 968 gratia
588 915 923 954 commeaturum
972 924 1067 951 cum
1099 922 1255 963 magno
1288 909 1479 963 equitatu
1509 909 1607 951 levi·
1631 918 1643 959 ζ’

272 991 352 1031 que
385 979 598 1017 armatura
629 976 907 1017 insidiaturus
937 974 1043 1016 locis
1075 973 1237 1014 idoneis
1269 974 1460 1015 considit.

359 1039 510 1082 LXVI.
567 1039 720 1082 Caesar
755 1040 927 1082 interim
958 1040 1007 1081 de
1039 1041 1204 1082 insidiis
1229 1041 1405 1083 Labieni
1437 1057 1488 1083 ex
1517 1057 1607 1097 per·
1632 1082 1633 1087 ,

270 1105 384 1159 fugis
417 1105 571 1146 certior
601 1104 739 1146 factus
769 1119 926 1159 paucos
958 1104 1046 1147 dies
1077 1105 1138 1146 ibi
1171 1109 1472 1161 commoratus,
1508 1107 1607 1148 dum

269 1168 414 1210 hostes
452 1183 501 1211 eoe
539 1169 750 1211 cotidiano
790 1169 987 1210 instituto
1027 1185 1149 1224 saepe
1188 1171 1299 1211 idem
1336 1170 1525 1212 faciendo
1563 1172 1608 1213 in

270 1234 583 1290 neglegentiam
610 1234 932 1287 adducerentur,
963 1234 1104 1276 subito
1130 1249 1255 1276 mane
1280 1235 1461 1289 imperat
1485 1238 1609 1290 porta

273 1299 501 1340 decumana
535 1299 723 1354 legiones
755 1313 799 1339 se
829 1309 881 1339 ΙΙΙ
911 1301 1135 1339 veteranas
1167 1312 1263 1340 cum
1297 1301 1417 1353 parte
1449 1300 1607 1353 equita-

270 1365 339 1403 tus
371 1363 490 1417 sequi
525 1364 650 1417 atque
687 1362 901 1416 equitibus
937 1362 1187 1416 praemissis
1220 1377 1354 1417 neque
1387 1363 1607 1416 opinantes

271 1427 540 1468 insidiatores
566 1426 708 1468 subito
737 1427 904 1468 adortus
934 1427 979 1467 in
1005 1426 1267 1468 convallibus
1298 1426 1476 1468 latentes
1501 1427 1607 1469 levis

271 1494 508 1533 armaturae
546 1491 730 1532 concidit
761 1491 929 1532 circiter
960 1503 1011 1546 D,
1047 1491 1234 1545 reliquos
1269 1491 1313 1532 in
1343 1491 1491 1546 fugam
1522 1494 1607 1533 tur-

270 1556 489 1610 pissimam
533 1556 722 1597 coniecit.
792 1554 969 1596 Interim
1013 1555 1226 1597 Labienus
1272 1570 1367 1596 cum
1410 1556 1606 1598 universo

270 1621 461 1674 equitatu
510 1620 773 1675 fugientibus
818 1621 906 1661 suis
951 1621 1168 1675 suppetias
1213 1620 1405 1661 occurrit.
1478 1619 1607 1662 Cuius

268 1685 355 1725 vim
398 1684 686 1725 multitudinis
730 1699 825 1725 cum
870 1685 1032 1739 equites
1075 1685 1199 1739 pauci
1242 1683 1480 1726 Caesariani
1523 1685 1607 1726 iam

269 1748 477 1789 sustinere
515 1763 601 1790 non
637 1751 828 1803 possent,
870 1747 1022 1790 Caesar
1053 1750 1283 1791 instructas
1315 1749 1504 1804 legiones
1535 1748 1607 1791 ho-

269 1814 399 1854 stium
441 1813 573 1867 copiis
616 1814 811 1855 ostendit.
874 1813 966 1863 Quo
1009 1813 1121 1856 facto
1159 1815 1384 1868 perterrito
1420 1813 1606 1855 Labieno

269 1892 316 1919 ac
352 1877 565 1918 retardato
604 1892 703 1919 suos
736 1879 898 1933 equites
929 1878 1089 1932 recepit
1125 1878 1369 1920 incolumes.
1430 1878 1606 1920 Postero

269 1942 335 1982 die
367 1941 473 1983 Iuba
502 1941 711 1984 Numidas
745 1958 833 1996 eos,
873 1942 946 1996 qui
976 1941 1069 1984 loco
1104 1943 1260 1984 amisso
1292 1943 1395 1998 fuga
1425 1957 1470 1984 se
1500 1957 1606 1984 rece-

269 2009 419 2060 perant
450 2007 494 2047 in
526 2009 675 2061 castra,
706 2008 750 2048 in
783 2022 903 2048 cruce
936 2022 1081 2048 omnes
1108 2007 1282 2048 suffixit.

356 2069 530 2112 LXVII.
587 2070 739 2112 Caesar
775 2071 945 2112 interim
984 2071 1184 2125 quoniam
1223 2072 1366 2126 inopia
1402 2070 1606 2114 frumenti

267 2135 560 2190 premebatur,
603 2137 745 2190 copias
789 2151 934 2178 omnes
978 2136 1022 2176 in
1067 2138 1203 2177 castra
1243 2136 1440 2177 conducit
1481 2138 1606 2190 atque

266 2200 476 2253 praesidio
502 2199 638 2254 Lepti,
663 2199 896 2255 Ruspinae,
923 2199 1097 2254 Acyllae
1122 2200 1281 2254 relicto,
1309 2199 1451 2254 Cispio
1477 2199 1606 2254 Aqui-

266 2264 415 2318 laeque
448 2263 580 2305 classe
605 2264 777 2318 tradita,
812 2267 861 2305 ut
887 2263 992 2305 alter
1016 2263 1339 2318 Hadrumetum,
1371 2264 1477 2306 alter
1501 2263 1607 2305 Tha-

268 2342 394 2382 psum
414 2328 521 2369 mari
542 2328 794 2382 obsiderent,
820 2328 910 2382 ipse
931 2328 1079 2369 castris
1099 2328 1280 2370 incensis
1302 2331 1452 2383 quarta
1471 2327 1608 2374 noctis
