1669 2574
282 111 338 152 92
732 108 926 142 BELLUM
950 107 1176 151 AFRIGUM„

282 209 408 259 atque
428 206 508 246 iter
528 205 742 257 inceptum
761 204 821 244 ire
848 205 1085 256 coeperunt.
1132 202 1343 244 Labienus
1369 216 1443 256 per
1468 201 1612 256 iugum
1654 204 1655 207 ’

282 284 495 310 summum
521 268 640 309 collis
667 268 911 309 dextrorsus
936 267 1085 322 procul
1109 267 1309 321 subsequi
1334 281 1419 307 non
1442 266 1615 310 destitit.
1653 289 1656 326 3

236 345 253 375 1
369 330 560 373 LXXVI.
621 331 854 385 Postquam
887 331 1038 372 Caesar
1076 330 1128 371 ad
1161 330 1363 384 oppidum
1396 329 1613 373 Sal-suram
1654 327 1656 363 ἶ

282 396 413 449 venit,
463 395 797 449 inspectantibus
847 395 1096 436 adversariis
1143 395 1364 435 interfecto
1407 394 1616 449 praesidio
1654 446 1656 456 Ι

284 459 511 514 Scipionis,
542 474 638 500 cum
669 460 757 501 suis
790 460 995 500 auxilium
1025 459 1135 500 ferre
1166 473 1250 500 non
1282 458 1499 513 auderent,
1535 458 1615 500 for·
1654 457 1656 494 ἓ

281 525 382 565 titer
424 526 687 579 repugnante
726 524 772 566 P.
806 523 1019 578 Cornelio,
1063 526 1234 565 evocato
1274 522 1501 577 Scipionis,
1545 524 1616 578 qui

282 588 341 629 ibi
378 591 587 643 praeerat,
630 591 756 643 atque
795 603 818 629 a
855 588 1127 629 multitudine
1165 588 1449 629 circumvento
1493 587 1619 629 inter·
1654 619 1656 651 Ι

281 653 476 707 sectoque
514 653 669 707 oppido
706 653 870 707 potitur
907 655 1033 707 atque
1071 653 1131 693 ibi
1167 652 1380 693 frumento
1416 652 1618 694 exercitui
1654 684 1656 690 .

283 717 380 758 dato
417 720 588 771 postero
627 717 693 758 die
732 717 783 758 ad
821 717 1022 771 oppidum
1055 716 1292 771 Thysdram
1328 716 1538 771 pervenit3
1575 717 1620 758 in

283 796 366 836 quo
394 780 618 823 Considius
651 797 725 835 per
756 781 800 822 id
830 784 998 835 tempus
1029 781 1168 823 fuerat
1199 796 1294 822 cum
1327 780 1475 835 grandi
1503 795 1622 835 prae·

236 858 255 888 2
283 846 390 887 sidio
423 846 679 900 cohorteque
711 860 787 886 sua
825 845 1118 900 gladiatorum.
1181 844 1332 886 Caesar
1369 845 1513 899 oppidi
1550 860 1620 886 na·
1654 851 1656 861 ⁵

281 913 378 951 tura
413 912 634 964 perspecta
666 924 797 964 aquae
829 910 972 964 inopia
1003 911 1053 951 ab
1087 910 1401 964 oppugnatione
1433 910 1522 950 eius
1555 909 1619 951 de·
1654 942 1656 955 2

281 976 454 1016 territus
492 974 686 1028 protinus
724 974 937 1028 profectus
976 975 1142 1016 circiter
1180 974 1299 1015 milia
1337 989 1539 1028 passuum
1573 986 1622 1016 IV

282 1039 333 1079 ad
383 1053 535 1092 aquam
588 1038 691 1078 facit
746 1040 884 1079 castra
939 1041 1063 1093 atque
1119 1039 1214 1080 inde
1271 1041 1421 1093 quarta
1474 1032 1656 1093 vigilia

282 1117 477 1158 egressus
522 1102 632 1143 redit
674 1117 821 1143 rursus
865 1103 917 1143 ad
960 1118 1008 1144 ea
1045 1106 1198 1158 castra,
1242 1118 1348 1158 quae
1386 1103 1438 1144 ad
1474 1102 1624 1158 Aggar

281 1167 498 1208 habuerat.
559 1165 677 1207 Idem
714 1167 816 1208 facit
848 1165 989 1221 Scipio
1029 1170 1154 1221 atque
1192 1168 1236 1208 in
1274 1168 1448 1221 antiqua
1485 1171 1621 1210 castra
1654 1188 1657 1202 ι

281 1232 423 1286 copias
458 1231 633 1272 reducit.

236 1309 253 1338 1
369 1294 583 1336 LXXVII.
640 1294 936 1337 Thabenenses
961 1296 1144 1350 interim,
1177 1296 1250 1350 qui
1282 1296 1360 1337 sub
1387 1296 1551 1338 dicione
1579 1299 1623 1339 et
1654 1291 1657 1342 3]

280 1362 492 1414 potestate
517 1358 646 1401 Iubae
673 1374 764 1401 esse
790 1363 1063 1402 consuessent
1103 1361 1146 1401 in
1173 1363 1361 1401 extrema
1386 1361 1475 1402 eius
1501 1361 1620 1416 regni
1654 1401 1657 1427 ἰ

280 1425 452 1479 regione
490 1424 718 1464 marituma
753 1424 901 1480 locati,
920 1425 1142 1467 interfecto
1175 1426 1291 1480 regio
1324 1426 1534 1479 praesidio
1566 1426 1620 1467 le·
1653 1447 1657 1482 f

281 1492 403 1544 gatos
430 1488 482 1529 ad
508 1487 728 1529 Caesarem
760 1489 948 1543 mittunt,
980 1505 1068 1531 rem
1096 1490 1241 1545 [male]
1269 1493 1433 1545 gestam
1460 1491 1624 1546 docent,
1654 1484 1658 1562 l

280 1556 432 1608 petunt
464 1556 687 1607 orantque,
719 1556 767 1594 ut
799 1553 886 1594 suis
918 1553 1121 1608 fortunis,
1152 1568 1242 1595 cum
1274 1556 1322 1595 cle
1351 1554 1508 1608 populo
1540 1554 1618 1596 Ro-
1653 1566 1658 1635 k

235 1631 254 1660 ‘2
281 1633 405 1659 mano
454 1618 560 1659 bene
610 1618 752 1659 meriti
796 1621 953 1672 essent,
1005 1619 1210 1660 auxilium
1253 1619 1392 1660 ferret.
1472 1618 1624 1661 Caesar
1654 1638 1663 1652 ν

282 1697 426 1724 eorum
471 1682 646 1723 consilio
690 1682 870 1736 probato
914 1682 1122 1724 Marcium
1163 1683 1359 1737 Crispum
1403 1684 1620 1725 tribunum

282 1762 377 1788 cum
415 1747 587 1788 cohorte
625 1749 668 1787 et
705 1747 938 1802 sagittariis
980 1748 1289 1802 tormentisque
1333 1748 1622 1802 compluribus

234 1823 254 1853 3
281 1812 491 1866 praesidio
517 1811 762 1852 Thabenam
794 1812 939 1853 mittit.
994 1812 1157 1854 Eodem
1190 1816 1380 1867 tempore
1413 1828 1465 1854 ex
1492 1813 1620 1868 legio·
1656 1827 1658 1829 ’

281 1876 405 1917 nibus
444 1876 641 1916 omnibus
679 1875 855 1930 milites,
900 1876 972 1930 qui
1017 1879 1090 1917 aut
1133 1877 1281 1918 morbo
1320 1877 1512 1931 impediti
1550 1879 1623 1918 aut

282 1943 518 1981 commeatu
551 1939 648 1980 clato
676 1955 771 1980 cum
797 1941 932 1995 signis
958 1955 1043 1982 non
1068 1944 1296 1995 potuerant
1322 1944 1417 1982 ante
1443 1942 1622 1982 transire
1662 1927 1669 1983 i

280 2003 487 2058 Africam,
532 2003 583 2044 ad
627 2003 746 2044 milia
789 2016 854 2058 IV,
898 2005 1062 2058 equites
1107 2016 1237 2059 CCCC,
1280 2005 1517 2046 funditores
1561 2020 1621 2046 sa·
1660 2016 1669 2048 1

282 2068 528 2124 gittariique
570 2068 687 2108 mille
729 2082 813 2109 uno
855 2072 1093 2110 commeatu
1129 2069 1297 2111 Caesari
1339 2072 1620 2111 occurrerunt.
1667 2089 1669 2111 ι

233 2145 255 2174 4
281 2133 430 2187 Itaque
469 2147 565 2173 cum
604 2132 671 2173 his
710 2132 842 2186 copiis
875 2136 917 2174 et
949 2133 1144 2174 omnibus
1176 2133 1417 2188 legionibus
1450 2134 1620 2188 eductis,

282 2198 392 2239 sicut
425 2199 515 2238 erat
553 2197 803 2250 instructus,
841 2197 961 2251 V[111]
1000 2197 1172 2238 milibus
1210 2212 1412 2252 passuum
1451 2198 1502 2239 ab
1535 2198 1620 2238 suis
1649 2209 1654 2243 ι

282 2262 449 2315 castris,
494 2261 545 2302 ab
586 2260 795 2315 Scipionis
834 2276 931 2302 vero
970 2274 1003 2302 11
1041 2262 1214 2303 milibus
1251 2277 1453 2316 passuum
1497 2262 1620 2317 longe
1666 2297 1669 2300 Α

285 2327 479 2367 constitit
511 2326 553 2367 in
587 2341 744 2380 campo.
