1638 2600
535 88 636 124 CAP.
662 89 910 125 LVIII—LXI.
1332 93 1387 134 39

60 187 206 241 coepit.
257 184 443 238 CassiuS,
473 199 555 238 quo
582 185 692 226 bono
722 185 886 228 valebat
912 186 1242 243 Marcellumque
1275 189 1386 229 infir·
1414 200 1435 230 4

60 265 175 294 mum
195 264 283 291 esse
303 249 473 302 sciebat,
497 249 719 303 adgressus
740 250 928 303 equitatu
948 251 1202 306 legionarios
1222 267 1266 294 se
1287 253 1387 294 reci-

60 316 222 371 pientes
241 313 477 367 complures
497 314 750 354 novissimos
770 313 810 354 in
830 315 1017 356 fluminis
1038 316 1142 370 ripis
1164 317 1386 358 interfecit.

56 379 166 422 ‚Cum
195 378 276 419 hoc
302 378 563 431 detrimento,
597 377 697 432 quid
728 378 927 420 transitus
954 380 1142 422 fluminis
1165 381 1259 421 vitii
1280 380 1386 421 diffi-
1414 393 1433 422 5

61 442 313 496 cultatisque
326 441 511 494 haberet,
532 442 749 496 cognitum
763 445 878 496 esset,
895 442 1120 486 Marcellus
1135 447 1272 486 castra
1285 444 1385 486 Bae-

60 508 138 548 tim
151 505 364 559 transfert,
383 505 612 560 crebroque
626 509 802 559 uterque
820 505 1004 561 legiones
1018 508 1061 548 in
1083 509 1214 550 aciem
1229 509 1386 562 educit;

61 585 195 629 neque
226 573 367 611 tamen
400 571 644 625 confligitur
680 572 852 624 propter
879 570 1069 613 locorum
1101 573 1385 615 difficultates.

147 633 255 676 LXI.
310 633 418 675 Erat
456 635 587 689 copiis
625 634 888 689 pedestribus
916 636 1052 677 multo
1084 637 1247 679 firmior
1278 637 1385 678 Mar·
1414 650 1430 679 1

62 699 208 754 cellus3
247 698 433 740 habebat
465 699 576 740 enim
607 701 823 740 veteranas
858 699 1082 754 multisque
1113 701 1286 755 proeliis
1319 717 1386 743 ex-

60 766 202 819 pertas
232 763 432 818 legiones.
496 762 665 805 Cassius
696 763 794 804 fidei
826 765 954 816 mags
991 779 1116 818 quam
1147 766 1299 807 virtuti
1329 766 1384 807 le-

62 828 236 883 gionum
268 828 515 869 confidebat.
570 826 719 881 Itaque
752 842 847 869 cum
878 831 1006 870 casira
1038 830 1186 871 castris
1220 830 1386 871 conlata
1412 843 1431 872 -2

61 895 201 934 essent
238 895 280 933 et
317 891 544 933 Marcellus
581 891 721 933 locum
758 891 956 932 idoneum
983 894 1155 935 castello
1194 894 1385 949 cepisset,

63 971 145 1012 quo
176 955 400 1010 prohibere
439 970 548 1010 aqua
579 955 801 997 Cassianos
839 958 999 1010 posset,
1029 958 1248 1014 Longinus
1280 960 1384 1000 veri—

61 1024 149 1074 tus,
190 1035 241 1061 ne
280 1034 431 1075 genere
471 1020 652 1074 quodam
695 1020 926 1061 obsidionis
959 1020 1213 1064 clauderetur
1250 1024 1294 1064 in
1325 1038 1385 1065 re-

63 1085 260 1140 gionibus
310 1085 458 1126 alienis
509 1084 674 1138 sibique
724 1085 909 1138 infestiS,
959 1091 1076 1129 noctu
1121 1088 1289 1129 silentio
1335 1103 1385 1129 ex

63 1149 212 1191 castris
250 1149 534 1203 proficiscitur
565 1148 773 1203 celerique
812 1149 961 1190 itinere
993 1148 1125 1193 Ul'am
1157 1152 1385 1206 contendit,

63 1213 177 1268 quod
207 1213 289 1253 sibi
319 1213 442 1253 fidele
469 1227 558 1253 esse
585 1213 788 1266 oppidum
814 1213 1019 1254 credebat.
1071 1215 1136 1257 Ibi
1163 1217 1264 1258 adeo
1291 1231 1384 1257 con·
1412 1227 1431 1257 3

62 1278 206 1318 iuncta
244 1277 367 1330 ponit
408 1277 629 1317 moenibus
669 1279 825 1331 castra,
868 1280 917 1318 ut
955 1280 997 1317 et
1033 1276 1103 1321 lod
1141 1284 1292 1322 natura
1328 1306 1387 1311 —

62 1355 244 1395 namque
285 1339 386 1382 Ulia
428 1340 472 1381 in
516 1340 628 1381 edito
667 1344 811 1382 monte
855 1340 996 1394 posita
1033 1343 1097 1381 est
1120 1368 1178 1373 —
1215 1346 1257 1385 et
1294 1345 1386 1398 ipsa

63 1405 298 1446 munitione
328 1404 446 1445 urbis
478 1404 663 1458 undique
696 1404 747 1445 ab
775 1404 1093 1458 oppugnatione
1117 1410 1230 1449 tutus
1263 1411 1384 1449 esset.

63 1468 189 1511 Hunc
225 1468 450 1510 Marcellus
488 1468 727 1523 insequitur
765 1471 822 1523 et,
865 1483 990 1522 quam
1027 1472 1206 1522 prox'me
1244 1475 1385 1526 potest
1411 1484 1432 1514 4

63 1532 224 1588 Uliam,
265 1536 402 1574 castra
438 1533 588 1574 castris
620 1533 783 1574 confert
820 1532 1094 1586 locorumque
1127 1536 1284 1590 <agnita
1314 1552 1383 1577 na-

65 1601 177 1652 tura,
215 1611 297 1652 quo
335 1597 517 1638 maxime
554 1611 642 1638 rem
681 1597 884 1638 deducere
921 1597 1108 1650 volebat,
1149 1601 1384 1642 lecessitate

66 1665 130 1705 est
160 1661 380 1716 deductus,
411 1664 460 1703 ut
490 1676 625 1716 neque
657 1661 902 1716 confligeret
933 1686 991 1690 ——
1023 1661 1142 1702 cuius
1176 1665 1198 1705 ;i
1229 1666 1290 1706 rei
1327 1665 1384 1706 fa-

65 1726 199 1769 cultas
236 1728 363 1780 esset,
403 1726 599 1768 resistere
636 1725 824 1767 incitatis
861 1725 1071 1766 militibus
1111 1739 1195 1766 non
1218 1732 1385 1783 poterat

65 1814 122 1821 —-
158 1804 294 1844 neque
330 1790 476 1844 vagari
515 1789 707 1832 Cassium
737 1789 866 1831 latius
897 1792 1131 1844 pateretur,
1171 1804 1210 1830 n«
1239 1794 1383 1848 plures

66 1854 257 1897 civitates
290 1869 337 1895 ea
367 1857 624 1909 paterentur,
659 1869 764 1909 quae
795 1854 910 1908 passi
943 1856 1062 1895 erant
1094 1852 1382 1900 Cordlbenses.

67 1917 262 1960 Castellis
305 1918 467 1960 idoneis
510 1918 616 1960 locis
657 1918 873 1960 collocatis
916 1919 1200 1973 operibusque
1241 1937 1270 1962 n
1308 1924 1383 1964 cir·
1411 1933 1430 1963 5

66 1983 183 2024 cuitu
214 1983 359 2037 oppidi
391 1983 648 2025 continuatis
673 1982 817 2025 Uliam
848 1982 1124 2037 Cassiumque
1156 1987 1383 2028 mun'tioni-

66 2046 145 2088 bus
177 2047 339 2089 clausit.
403 2047 517 2098 Quae
548 2047 797 2101 priusquam
828 2048 1150 2102 perficerentur,
1182 2046 1383 2103 Longinus
1411 2062 1430 2092 6

67 2125 234 2153 omnem
260 2127 384 2153 suum
410 2112 647 2167 equitatum
675 2112 833 2167 emisit3
866 2125 991 2165 quem
1017 2124 1171 2165 magno
1199 2110 1383 2156 sibiusui

66 2175 155 2217 fore
175 2177 382 2231 credebat,
407 2177 445 2218 si
470 2176 665 2231 pabulari
692 2176 1025 2230 frumentarique
1045 2174 1385 2220 Marcellumnon

67 2243 300 2297 pateretur,
330 2256 485 2297 magno
518 2244 660 2283 autem
691 2241 781 2282 fore
813 2240 1135 2295 impedimento,
1167 2239 1205 2279 si
1237 2238 1384 2286 clatsus

69 2303 287 2347 obsidione
305 2308 347 2347 et
366 2305 531 2347 inutilis
551 2305 834 2347 necessarium
850 2304 1114 2346 consumeret
1132 2301 1384 2349 frumentun,
