1638 2600
531 84 632 119 CAP.
659 84 969 121 xxv—xxvm.
1364 89 1417 129 19

86 193 183 234 pars
216 179 420 233 quaedam
452 179 641 221 fluminis
666 179 757 223 Nili
783 182 971 223 derivata
1003 182 1132 236 [inter
1157 183 1220 237 se]
1254 184 1416 224 duobus

83 243 308 285 itineribus
339 243 544 297 paulatim
577 246 713 286 maius
740 245 850 287 inter
882 261 926 287 se
958 247 1142 300 spatium
1174 247 1416 302 relinquens

85 307 369 349 diversissimo
398 307 450 348 ad
474 307 578 349 litus
611 309 832 350 intervallo
864 312 971 351 mari
1003 312 1286 367 coniungitur.
1338 311 1415 352 Cui
1442 322 1461 352 2

82 373 175 414 loco
213 386 308 413 cum
347 372 684 427 adpropinquare
721 372 996 416 Mithridaten
1038 391 1111 417 rex
1150 376 1417 431 cognovisset

84 440 126 479 et
167 436 469 477 transeundum
514 437 552 477 ei
598 437 755 478 fiumen
805 439 946 492 sciret,
997 454 1171 494 magnas
1216 440 1415 482 adversus

84 516 178 543 eum
200 501 341 555 copias
362 501 496 555 misit,
528 502 682 556 quibus
702 501 770 543 vel
795 503 985 556 superari
1012 504 1224 559 delerique
1250 504 1415 546 Mithri-

85 567 210 608 daten
241 565 308 606 vel
339 566 428 606 sine
462 565 588 607 dubio
621 566 793 608 retineri
831 580 955 620 posse
996 568 1202 609 credebat.
1265 568 1413 617 Quem-
1440 580 1460 608 3

83 629 308 671 admodum
346 633 486 671 autem
527 630 702 684 optabat
743 645 838 672 eum
878 631 1008 685 vinci,
1052 633 1112 673 sic
1150 634 1254 674 satis
1291 633 1413 674 habe-

82 694 156 736 bat
179 693 454 736 interclusum
482 710 505 735 a
525 694 699 736 Caesare
727 695 770 749 [a
789 695 851 749 se]
878 695 1062 736 retineri.
1114 696 1228 745 Quae
1254 697 1414 750 primae
1439 708 1461 738 4

83 760 226 814 copiae
258 759 415 800 flumen
448 774 472 800 a
496 759 623 801 Delta
653 759 834 801 transire
860 762 902 800 et
926 759 1166 801 Mithridati
1199 775 1415 802 occurrere

82 826 324 879 potuerunt,
350 823 557 878 proelium
579 824 880 865 commiserunt
902 824 1150 867 festinantes
1177 826 1414 880 praeripere

82 888 439 942 subsequentibus
464 889 665 930 victoriae
690 889 944 930 societatem.
996 889 1184 939 Quorum
1209 890 1414 945 impetum
1441 901 1460 930 5

81 953 352 994 Mithridates
384 967 538 1008 magna
562 968 657 995 cum
688 953 913 1007 prudentia
938 955 1239 996 consuetudine
1271 958 1416 996 nostra

83 1018 232 1060 castris
269 1017 437 1060 vallatis
477 1018 698 1072 sustinuit,
737 1032 832 1059 cum
863 1033 962 1059 vero
1000 1019 1167 1060 incaute
1199 1023 1324 1074 atque
1355 1021 1414 1060 in·

84 1083 269 1125 solenter
300 1083 521 1124 succedere
554 1097 625 1124 eos
657 1082 966 1125 munitionibus
992 1083 1165 1138 videret,
1196 1085 1415 1139 eruptione

81 1148 267 1202 undique
313 1147 424 1188 facta
472 1161 674 1202 magnum
723 1162 946 1189 numerum
996 1163 1141 1189 eorum
1190 1149 1413 1191 interfecit.

82 1212 204 1262 Quod
235 1211 318 1252 nisi
349 1210 539 1252 locorum
570 1212 725 1252 notitia
755 1211 908 1266 reliqui
935 1227 978 1254 se
1005 1213 1212 1254 texissent
1242 1214 1413 1268 partim·
1440 1223 1459 1253 6

81 1291 162 1331 que
199 1275 244 1316 in
281 1290 426 1329 naves,
466 1275 620 1329 quibus
653 1276 812 1317 flumen
843 1277 1114 1330 transierant,
1145 1279 1414 1332 recepissent,

79 1340 271 1382 funditus
303 1338 429 1380 deleti
462 1342 612 1380 essent.
676 1339 757 1388 Qui
789 1342 837 1380 ut
867 1340 1040 1394 paulum
1073 1341 1124 1381 ab
1156 1342 1230 1383 illo
1263 1343 1412 1384 timore
1441 1352 1459 1382 7

80 1420 124 1448 se
155 1407 414 1458 recrearunt,
446 1404 656 1445 adiunctis
688 1404 773 1458 his,
806 1404 879 1458 qui
910 1404 1294 1459 subsequebantur,
1326 1421 1413 1446 rur-

81 1485 152 1513 sus
183 1482 427 1523 oppugnare
461 1468 742 1509 Mithridaten
774 1472 1013 1522 coeperunt.

166 1531 365 1575 XXVHI.
402 1532 593 1574 Mittitur
618 1548 642 1574 a
666 1533 914 1575 Mithridate
939 1534 1113 1575 nuntius
1134 1533 1313 1589 Caesari,
1340 1536 1411 1590 qui
1441 1546 1457 1575 1

79 1614 168 1641 rem
199 1599 362 1653 gestam
393 1598 608 1652 perferret.
672 1597 900 1654 Cognoscit
931 1613 982 1639 ex
1014 1598 1102 1639 suis
1135 1599 1279 1640 eadem
1309 1599 1412 1641 haec

80 1663 279 1705 accidisse
316 1677 400 1703 rex,
461 1661 529 1703 Ita
567 1677 698 1717 paene
731 1663 808 1705 sub
841 1662 952 1704 idem
983 1665 1151 1716 tempus
1183 1666 1225 1704 et
1256 1679 1330 1705 rex
1361 1665 1413 1705 ad

81 1727 402 1783 opprimendum
444 1726 723 1769 Mithridaten
765 1727 1050 1782 proficiscitur
1089 1730 1130 1768 et
1169 1726 1322 1769 Caesar
1361 1729 1413 1769 ad

79 1791 376 1847 recipiendum.
438 1790 647 1833 Celeriore
684 1793 871 1834 fluminis
902 1791 994 1833 Nili
1031 1791 1302 1846 navigatione
1336 1808 1411 1834 rex
1437 1804 1457 1834 ‘2

79 1859 144 1900 est
180 1872 299 1911 usus,
336 1856 380 1897 in
418 1870 502 1910 quo
533 1870 731 1912 magnam
769 1860 812 1899 et
847 1858 1040 1911 paratam
1073 1855 1249 1897 classem
1287 1856 1411 1899 habe-

79 1921 162 1963 bat.
224 1921 376 1963 Caesar
413 1921 558 1962 eodem
596 1922 747 1963 itinere
785 1922 848 1963 uti
879 1920 1035 1974 noluit,
1075 1935 1127 1961 ne
1158 1921 1337 1963 navibus
1368 1922 1412 1962 in

79 1986 252 2030 flumine
284 1986 516 2040 dimicaret,
548 1987 622 2028 sed
653 1987 958 2028 circumvectus
985 1988 1050 2026 est
1075 2000 1122 2026 eo
1148 1986 1267 2039 mari,
1300 1986 1412 2039 quod

79 2049 247 2093 Africae
283 2051 417 2105 partis
449 2065 540 2092 esse
578 2051 749 2106 dicitur,
787 2051 913 2093 sicuti
950 2064 1079 2104 supra
1110 2050 1410 2091 demonstravi-

79 2129 191 2170 mus3
220 2116 339 2170 prius
364 2117 506 2157 tamen
525 2116 639 2171 regis
665 2117 798 2170 copiis
818 2114 1012 2169 occurrit,
1044 2129 1170 2169 quam
1190 2115 1226 2155 is
1246 2114 1411 2155 Mithri-
1459 2122 1461 2125 “

81 2179 205 2222 daten
231 2180 402 2235 adgredi
433 2183 589 2234 posset,
622 2195 800 2235 eumque
827 2180 879 2222 ad
905 2194 948 2221 se
973 2179 1178 2220 victorem
1209 2175 1411 2219 incolumi

80 2244 267 2286 exercitu
297 2245 466 2299 recepit.
530 2243 787 2286 Consederat
817 2259 912 2286 cum
945 2243 1078 2297 copiis
1112 2258 1187 2283 rex
1217 2242 1309 2284 loco
1341 2257 1410 2283 na-
1437 2254 1456 2284 3

79 2310 175 2349 tura
204 2309 382 2363 munito,
413 2308 526 2363 quod
558 2311 648 2350 erat
678 2309 768 2363 ipse
800 2308 1005 2351 excelsior
1036 2306 1212 2361 planitie
1244 2322 1295 2348 ex
1326 2321 1410 2348 om-

1155 2376 1200 2410 2*
