1669 2574
230 215 246 245 1

229 344 249 374 ‘2

232 2082 252 2112 3

231 2146 254 2176 4

276 108 330 149 68
715 106 909 141 BELLUM
934 106 1157 142 AFRICUM.

362 201 581 244 XXXIIII.
649 201 732 242 Per
774 201 818 242 id
860 204 1027 255 tempus
1071 200 1113 243 C.
1153 200 1379 244 Sallustius
1423 202 1606 259 Crispus,
1642 249 1643 257 ἵ

277 282 400 321 quem
449 266 593 321 paucis
643 267 739 307 ante
789 265 936 307 diebus
983 265 1160 306 missum
1211 281 1235 307 a
1284 265 1457 308 Caesare
1512 282 1607 310 cum

277 330 408 371 classe
440 330 833 384 demonstravimus,
868 329 1086 371 Cercinam
1116 331 1319 385 pervenit.
1381 330 1510 373 Cuius
1540 333 1607 374 ad·
1642 331 1643 385 j

274 397 404 435 ventu
443 393 485 435 C.
516 393 732 436 Decimius
777 394 1059 449 quaestorius,
1103 395 1176 449 qui
1218 395 1278 437 ibi
1322 410 1417 437 cum
1460 397 1608 451 grandi
1640 403 1644 444 5

275 458 461 499 familiae
493 473 593 499 suae
623 458 832 513 praesidio
863 462 1056 513 praeerat
1086 460 1355 515 commeatui,
1385 461 1607 515 parvulum
1642 466 1644 507 ἰ

275 523 493 578 navigium
530 525 678 565 nactus
715 523 959 565 conscendit
995 538 1042 566 ac
1079 538 1123 565 se
1165 524 1290 579 fugae
1334 526 1607 567 commendat.
1642 534 1643 538 ’

277 586 506 629 Sallustius
559 588 729 630 interim
782 590 952 643 praetor
1007 602 1031 629 a
1085 587 1362 630 Cercinitanis
1415 593 1608 645 receptus
1642 643 1643 647 Ἰ

276 667 430 707 magno
461 667 637 695 numero
667 653 869 694 frumenti
900 653 1072 694 invento
1103 667 1230 694 naves
1256 654 1480 709 onerarias,
1511 669 1608 709 qua-
1642 694 1644 699 ,

276 732 371 759 rum
413 718 473 759 ibi
516 718 620 760 satis
663 732 819 773 magna
860 717 980 772 copia
1021 717 1121 772 fuit,
1170 717 1353 772 complet
1396 722 1522 773 atque
1565 719 1609 760 in

277 786 414 824 castra
445 783 497 824 ad
528 782 748 825 Caesarem
779 782 924 824 mittit.
984 780 1162 823 Alienus
1199 782 1370 824 interim
1406 797 1483 837 pro
1514 797 1608 825 con·
1641 816 1643 826 ,

276 846 367 889 sule
391 847 593 902 Lilybaeo
625 847 668 888 in
699 847 818 888 navis
850 847 1061 888 onerarias
1087 846 1268 901 imponit
1291 846 1502 902 legionem
1526 859 1610 889 X111

276 914 319 953 et
360 923 440 953 XIV
489 915 532 953 et
580 912 743 965 equites
793 910 937 953 Gallos
983 922 1121 966 DCCC,
1168 912 1433 953 funditorum
1482 913 1642 968 sagit·

275 977 564 1030 tariorumque
600 975 717 1017 mille
754 990 801 1017 ac
838 975 1067 1017 secundum
1105 978 1385 1018 commeatum
1424 977 1468 1018 in
1498 976 1609 1019 Afri·
1642 1016 1644 1019 ,

276 1055 368 1083 cam
386 1041 522 1082 mittit
547 1040 599 1082 ad
619 1039 849 1082 Caesarem.
899 1038 1013 1089 Quae
1038 1054 1166 1082 naves
1185 1043 1358 1082 ventum
1381 1041 1609 1084 secundum
1641 1048 1642 1051 ’

275 1107 424 1146 nactae
456 1107 605 1159 quarto
638 1104 704 1145 die
735 1104 779 1145 in
809 1106 979 1158 portum
1006 1104 1058 1145 ad
1081 1104 1329 1160 Ruspinam,
1359 1106 1433 1147 ubi
1459 1105 1611 1148 Caesar

277 1173 415 1212 castra
453 1169 676 1223 habuerat,
719 1169 950 1211 incolumes
991 1171 1283 1223 pervenerunt.
1349 1168 1417 1211 Ita
1459 1169 1612 1212 Caesar
1641 1172 1643 1217 J

277 1233 434 1288 duplici
464 1234 627 1275 laetitia
658 1248 705 1275 ac
734 1234 952 1288 voluptate
982 1247 1067 1274 uno
1099 1235 1288 1286 tempore
1325 1235 1490 1287 auctus,
1525 1234 1610 1276 fru-

276 1301 419 1340 mento
465 1298 734 1352 auxiliisque,
783 1298 953 1339 tandem
997 1296 1084 1338 suis
1126 1295 1319 1338 hilaratis
1363 1312 1610 1353 annonaque
1641 1350 1642 1356 ἵ

275 1363 415 1405 levata
451 1362 778 1404 sollicitudinem
817 1361 1006 1417 deponit,
1044 1360 1232 1415 legiones
1270 1362 1516 1417 equitesque
1560 1378 1611 1405 ex
1640 1357 1643 1368 ⁴

276 1428 454 1468 navibus
487 1441 677 1482 egressos
709 1427 826 1468 iubet
857 1442 908 1468 ex
938 1426 1141 1480 languore
1166 1439 1404 1480 nauseaque
1428 1426 1612 1482 reficere,

278 1491 477 1532 dimissos
510 1490 555 1530 in
586 1489 758 1531 castella
789 1489 1130 1542 munitionesque
1163 1488 1361 1542 disponit.
1642 1487 1644 1532 ᾗ

364 1554 537 1596 XXXV.
583 1554 745 1604 Quibus
771 1555 896 1596 rebus
917 1554 1069 1609 Scipio,
1096 1553 1252 1608 quique
1277 1568 1372 1595 cum
1397 1569 1446 1596 eo
1472 1559 1612 1598 essent
1642 1605 1643 1609 Ἰ

277 1621 470 1674 comites,
508 1619 654 1661 mirari
691 1621 733 1661 et
768 1619 998 1674 requirere:
1039 1618 1081 1660 C.
1115 1616 1352 1672 Caesarem,
1389 1619 1461 1673 qui
1497 1620 1610 1662 ultro
1642 1646 1643 1657 ³

278 1687 522 1726 consuesset
552 1683 712 1725 bellum
744 1683 898 1725 inferre
932 1698 980 1725 ac
1014 1683 1218 1724 lacessere
1254 1683 1433 1738 proelio,
1469 1685 1610 1727 subito
1640 1707 1643 1739 g

277 1751 583 1790 commutatum
621 1763 706 1790 non
743 1748 833 1789 sine
870 1762 1024 1803 magno
1061 1746 1238 1788 consilio
1279 1748 1610 1802 suspicabantur.
1642 1791 1644 1806 ζ

278 1813 426 1868 Itaque
458 1829 509 1854 ex
541 1813 630 1854 eius
661 1813 867 1867 patientia
897 1813 941 1854 in
972 1826 1173 1866 magnum
1205 1811 1402 1853 timorem
1434 1814 1611 1856 coniecti
1639 1815 1647 1850 *ἒ

277 1893 329 1920 ex
362 1877 550 1919 Gaetulis
582 1878 704 1932 duos,
748 1892 853 1931 quos
885 1877 1200 1918 arbitrabantur
1230 1877 1318 1918 suis
1349 1878 1474 1920 rebus
1511 1879 1611 1920 ami-

278 1942 488 1996 cissimos,
542 1943 707 1997 magnis
762 1942 959 1996 praemiis
1007 1941 1470 1997 pollicitationibusque
1518 1947 1645 1998 pro-⁵

277 2006 428 2061 positis
465 2021 540 2061 pro
578 2007 766 2061 perfugis
804 2005 1046 2060 speculandi
1082 2005 1220 2060 gratia
1257 2006 1300 2047 in
1341 2009 1478 2048 castra
1515 2007 1611 2050 Cae-

279 2071 385 2112 saris
404 2071 590 2112 mittunt.
636 2071 718 2121 Qui
737 2070 864 2112 simul
884 2070 936 2111 ad
954 2085 1049 2112 eum
1070 2072 1169 2111 sunt
1190 2070 1370 2125 deducti,
1388 2072 1612 2128 petierunt,

280 2138 327 2177 ut
358 2135 440 2177 sibi
471 2135 617 2177 liceret
647 2135 776 2176 verba
807 2134 897 2176 sine
928 2134 1113 2188 periculo
1139 2134 1346 2189 proloqui.
1396 2135 1610 2178 Potestate
1642 2162 1643 2166 =

278 2200 407 2254 facta,
442 2198 791 2254 ‘Saepenumero’,
824 2199 1039 2253 inquiunt,
1077 2199 1338 2253 eimperator,
1377 2201 1611 2255 complures

281 2264 466 2319 Gaetuli,
499 2264 571 2319 qui
604 2278 748 2305 sumus
780 2263 953 2305 clientes
986 2263 1027 2304 C.
1059 2263 1204 2317 Marii,
1236 2266 1278 2305 et
1308 2266 1609 2319 propemodum
1657 2290 1661 2298 =

280 2343 425 2370 omnes
469 2328 580 2369 cives
617 2327 814 2382 Romani,
859 2328 931 2382 qui
972 2331 1070 2370 sunt
1107 2328 1151 2369 in
1185 2328 1353 2383 legione
1392 2341 1438 2370 IV
1476 2333 1518 2371 et
1553 2341 1611 2384 VI,

1635 2390 1669 2574 li
