1638 2600
517 110 617 145 CAP.
646 109 928 144 XVI—XVIIII.
1314 111 1332 151 1
1346 110 1396 150 17

49 207 208 250 incidit.
265 205 333 248 Ita
362 205 613 261 refugerunt
645 207 696 248 ad
729 205 961 248 Caesarem.
1017 206 1264 261 Eodemque
1297 209 1400 248 tem-
1425 218 1445 247 3

49 287 151 328 pore
202 271 381 327 signifer
430 271 480 312 de
524 271 691 328 legione
735 271 874 325 prima
922 272 1155 327 transfugit
1204 275 1247 314 et
1296 286 1399 313 nun-

46 338 188 392 tiavit,
233 350 317 391 quo
356 336 422 377 die
463 340 659 390 equestre
698 336 908 391 proelium
948 336 1110 378 factum
1148 341 1276 391 esset,
1321 351 1398 378 suo

50 404 173 459 signo
213 402 374 457 perisse
410 401 607 443 homines
637 413 778 452 xxxv,
816 415 952 456 neque
984 402 1109 444 licere
1141 403 1292 444 castris
1326 400 1399 443 Cn.

47 467 226 522 Pompei
276 466 472 508 nuntiare
523 481 659 521 neque
715 466 852 508 dicere
914 467 1074 520 perisse
1131 481 1399 521 quemquam.

50 531 224 586 Servus,
262 531 382 573 cuius
421 531 619 573 dominus
657 532 701 572 in
740 530 932 573 Caesaris
971 532 1120 573 castris
1158 532 1311 573 fuisset
1344 557 1398 561 —
1424 542 1446 572 4

48 611 222 640 uxorem
270 599 312 638 et
354 596 468 638 filios
513 597 556 637 in
602 596 756 651 oppido
801 596 1033 651 reliquerat
1078 622 1145 651 —,
1184 597 1399 638 dominam

48 661 261 717 iugulavit
299 664 342 703 et
380 662 440 702 ita
472 661 580 703 clam
614 676 638 702 a
670 660 859 703 Caesaris
891 662 1114 715 praesidiis
1148 663 1191 703 in
1222 661 1400 716 Pompei

53 729 192 768 castra
223 726 421 768 discessit
451 761 457 767 .
481 761 516 767 ..
548 730 591 768 et
622 726 825 768 indicium
859 726 1011 782 glande
1038 727 1243 781 scriptum
1271 726 1401 780 misit,

55 806 130 846 per
162 791 276 846 quod
308 792 463 833 certior
494 792 615 833 fieret
647 790 811 846 Caesar,
844 806 950 846 quae
983 792 1027 833 in
1060 792 1216 846 oppido
1249 792 1301 832 ad
1334 792 1400 833 de-

49 856 306 898 fendendum
334 859 691 911 compararentur.
734 856 801 898 Ita
824 856 983 898 litteris
1010 858 1206 911 acceptis,
1233 872 1329 898 cum
1355 857 1399 897 in
1426 867 1446 897 5

50 922 253 976 oppidum
294 922 557 976 revertisset,
598 922 671 976 qui
708 922 878 963 mittere
917 922 1114 978 glandem
1150 922 1399 976 inscriptam

50 987 215 1029 solebat
248 1021 255 1027 .
284 1021 290 1027 .
320 1021 326 1027 .
368 986 616 1041 Insequenti
653 990 845 1041 tempore
885 987 967 1028 duo
1011 986 1208 1028 Lusitani
1245 986 1399 1028 fratres
1426 997 1446 1027 6

48 1052 372 1107 transfugerunt
391 1052 727 1106 nuntiaruntque
741 1052 993 1106 Pompeium
1014 1052 1255 1093 contionem
1269 1052 1400 1093 habu—

49 1118 150 1159 isse:
178 1117 379 1172 quoniam
407 1117 563 1171 oppido
590 1117 780 1158 subsidio
807 1131 892 1158 non
919 1119 1064 1171 posset
1089 1117 1244 1171 venire,
1270 1120 1399 1158 noctu

50 1197 102 1224 ex
143 1182 481 1224 adversariorum
527 1185 755 1235 conspectu
801 1197 844 1223 se
890 1182 1145 1223 deducerent
1189 1182 1241 1223 ad
1285 1197 1400 1224 mare

47 1261 235 1301 versum3
274 1262 406 1288 unum
445 1247 732 1301 respondisse,
770 1250 818 1287 ut
852 1247 996 1301 potius
1029 1247 1081 1288 ad
1113 1247 1398 1288 dimicandum

48 1312 342 1366 descenderet,
396 1326 523 1366 quam
574 1312 744 1368 signum
795 1312 921 1367 fugae
974 1312 1234 1366 ostenderet3
1291 1327 1400 1366 eum,

48 1377 121 1432 qui
172 1377 232 1418 ita
274 1377 443 1418 locutus
494 1380 623 1431 esset,
673 1376 926 1432 iugulatum.
1000 1376 1164 1418 Eodem
1208 1380 1399 1431 tempore
1428 1388 1446 1419 7

46 1442 258 1484 tabellarii
297 1443 387 1484 eius
420 1441 689 1496 deprehensi,
729 1442 802 1496 qui
835 1442 887 1483 ad
919 1442 1123 1496 oppidum
1156 1443 1399 1484 veniebant:

49 1522 231 1562 quorum
262 1507 429 1549 litteras
457 1506 611 1548 Caesar
643 1507 867 1561 oppidanis
900 1507 1055 1548 abiecit
1080 1510 1134 1561 et,
1167 1508 1241 1562 qui
1266 1509 1399 1549 vitam

47 1573 129 1614 sibi
160 1576 335 1627 peteret,
366 1572 493 1614 iussit
524 1575 685 1613 turrem
711 1572 897 1628 ligneam
925 1572 1234 1626 oppidanorum
1261 1573 1399 1615 incen-

48 1637 162 1693 dere3
194 1638 237 1679 id
269 1639 305 1680 si
336 1638 520 1692 fecisset,
553 1638 591 1679 ei
623 1652 667 1679 se
693 1638 893 1692 promisit
919 1638 1062 1679 omnia
1088 1653 1398 1680 concessurum.

49 1702 171 1752 Quod
203 1703 377 1745 difficile
409 1706 499 1744 erat
530 1703 659 1757 factu,
690 1706 739 1744 ut
771 1718 862 1744 eam
895 1706 1055 1745 turrem
1090 1704 1180 1745 sine
1209 1703 1398 1758 periculo

49 1768 144 1823 quis
170 1768 424 1810 incenderet.
457 1767 524 1809 Ita
550 1768 652 1809 fune
679 1783 799 1810 crure
826 1768 876 1810 de
901 1768 1020 1823 ligno
1044 1769 1073 1822 †
1099 1783 1195 1810 cum
1222 1769 1398 1823 propius
1425 1779 1445 1809 8

49 1833 312 1888 accessisset,
356 1833 408 1874 ab
452 1833 678 1888 oppidanis
722 1837 788 1875 est
832 1834 1007 1875 occisus.
1068 1833 1230 1876 Eadem
1275 1837 1400 1876 nocte
1427 1845 1447 1875 9

49 1898 271 1954 transfuga
306 1899 523 1940 nuntiavit
559 1898 811 1953 Pompeium
850 1902 892 1940 et
922 1899 1157 1940 Labienum
1197 1899 1246 1941 de
1279 1900 1399 1955 iugu-

48 1961 206 2005 latione
238 1963 549 2018 oppidanorum
581 1964 826 2019 indignatos
859 1979 962 2006 esse.

136 2027 318 2069 XVIIII.
350 2027 514 2083 Vigilia
539 2029 724 2071 secunda
748 2033 924 2084 propter
949 2030 1268 2072 multitudinem
1295 2030 1397 2072 telo·
1427 2041 1443 2071 1

49 2106 143 2133 rum
175 2094 305 2135 turris
336 2093 496 2149 lignea,
529 2109 635 2149 quae
667 2097 814 2136 nostra
844 2095 1009 2150 fuisset,
1041 2096 1093 2137 ab
1126 2096 1211 2137 imo
1244 2096 1397 2137 vitium

50 2156 153 2198 fecit
177 2172 310 2213 usque
337 2159 389 2200 ad
414 2158 655 2200 tabulatum
681 2160 913 2202 secundum
940 2163 983 2202 et
1007 2161 1194 2202 tertium.
1231 2160 1396 2202 Eodem
1424 2171 1443 2200 2

51 2224 241 2276 tempore
277 2238 353 2277 pro
391 2239 514 2265 muro
552 2227 799 2279 pugnarunt
834 2226 1035 2268 acerrime
1068 2229 1110 2267 et
1141 2226 1294 2267 turrim
1326 2240 1397 2267 no-

0 2277 1 2290 *
52 2289 184 2328 stram
229 2290 277 2328 ut
316 2289 577 2343 superiorem
614 2289 910 2344 incenderunt,
954 2290 1110 2331 idcirco
1150 2289 1263 2343 quod
1300 2304 1396 2331 ven-

50 2354 142 2393 tum
185 2353 383 2406 oppidani
428 2355 659 2397 secundum
696 2354 949 2396 habuerunt.
1018 2353 1266 2408 Insequenti
1303 2353 1396 2397 luce
1422 2366 1442 2397 3
