1638 2600
496 126 595 160 CAP.
623 126 948 160 XXVIH—XXXI.
1335 126 1387 164 21

53 223 167 264 ximo
198 222 290 264 vico
321 236 409 263 non
444 221 571 276 longe
598 237 622 262 a
647 222 735 263 suis
768 221 917 263 castris
949 221 1159 262 munierat
1190 219 1390 261 brachiis-

55 301 135 340 que
173 300 267 327 cum
306 300 430 340 opere
470 289 706 327 castrorum
744 286 1020 327 coniunxerat
1050 285 1133 327 vici
1172 284 1390 326 obtinendi

55 365 190 404 causa,
222 349 374 392 Caesar
406 350 630 405 adgressus
659 350 856 391 omnibus
889 350 1021 404 copiis
1048 351 1274 404 expugnat,
1305 363 1390 389 non

55 428 136 469 quo
168 414 211 455 id
241 415 406 456 minore
432 429 607 457 numero
633 414 823 456 militum
850 414 1048 468 consequi
1077 412 1249 454 difficile
1273 412 1388 453 factu

53 480 232 533 putaret,
263 479 336 520 sed
366 481 415 520 ut
447 479 498 520 ab
531 494 579 521 ea
610 479 790 520 victoria
820 478 1058 532 perterritis
1089 477 1388 519 Alexandrinis

52 543 247 598 protinus
273 546 411 585 castra
436 545 548 599 regis
576 545 851 599 oppugnaret.
905 541 1054 596 Itaque
1080 542 1226 584 eodem
1252 556 1388 595 cumn,
1414 553 1434 583 4

54 621 137 662 quo
161 607 419 662 refugientes
440 607 753 649 Alexandrinos
780 622 832 648 ex
857 606 1030 648 castello
1056 606 1101 647 in
1127 610 1265 648 castra
1290 609 1390 648 sunt

53 672 212 713 milites
253 672 451 727 insecuti,
494 672 804 714 munitionibus
843 673 1136 713 successerunt
1173 671 1388 711 acerrime-

54 751 134 791 que
165 736 328 778 eminus
366 737 566 791 proeliari
599 739 839 791 coeperunt.
900 735 1076 776 Duabus
1109 750 1161 776 ex
1194 735 1387 789 partibus
1415 746 1435 776 5

54 800 192 842 aditus
230 802 560 856 oppugnationis
598 801 755 842 nostris
795 800 993 841 dabatur:
1037 813 1138 853 una,
1183 813 1309 852 quam
1339 798 1387 838 li-

53 865 201 907 berum
227 880 440 907 accessum
471 866 626 907 habere
652 864 957 918 demonstravi,
989 863 1138 917 altera,
1170 877 1276 917 quae
1302 876 1384 903 me-

55 929 194 971 diocre
225 930 495 971 intervallum
527 931 637 971 inter
663 932 801 971 castra
830 931 871 970 et
901 928 1058 969 flumen
1082 926 1233 969 Nilum
1264 926 1388 968 habe-

53 994 138 1036 bat.
187 993 374 1035 Maxima
399 997 442 1036 et
467 994 722 1036 electissima
746 992 976 1034 multitudo
1001 991 1388 1033 Alexandrinorum
1416 998 1436 1028 6

56 1058 304 1100 defendebat
341 1073 432 1100 eam
469 1061 652 1113 partem,
693 1072 799 1112 quae
836 1057 1087 1098 facillimum
1126 1056 1288 1097 aditum
1318 1055 1389 1096 ha-

54 1123 199 1177 bebat3
238 1122 470 1176 plurimum
501 1122 779 1176 proficiebant
809 1121 853 1162 in
885 1121 1137 1176 repellendis
1169 1120 1389 1162 vulneran-

56 1188 204 1242 disque
246 1188 422 1241 nostris,
466 1187 537 1241 qui
579 1187 750 1241 regione
790 1186 978 1227 fluminis
1017 1185 1110 1228 Nili
1149 1199 1389 1240 propugna-

54 1252 174 1293 bant:
206 1251 383 1292 diversis
416 1251 528 1292 enim
560 1250 656 1291 telis
687 1250 823 1291 nostri
854 1250 1106 1305 figebantur,
1139 1250 1304 1290 adversi
1337 1264 1390 1290 ex

55 1316 166 1358 vallo
198 1317 450 1369 castrorum,
482 1315 617 1356 aversi
649 1329 701 1355 ex
724 1314 910 1368 flumine,
942 1314 986 1354 in
1018 1328 1101 1368 quo
1133 1313 1293 1354 multae
1320 1328 1390 1354 na-

56 1395 129 1422 ves
167 1380 398 1421 instructae
433 1378 722 1420 funditoribus
760 1380 803 1420 et
834 1378 1069 1432 sagittariis
1106 1380 1276 1419 nostros
1315 1378 1390 1419 im-

57 1444 313 1500 pugnabant.

144 1507 297 1550 XXXI.
348 1508 500 1550 Caesar
537 1523 632 1550 cum
663 1507 828 1549 videret
864 1507 1023 1549 milites
1062 1508 1200 1549 acrius
1238 1506 1390 1562 proeli·
1418 1525 1435 1555 1

60 1574 121 1615 ari
168 1588 252 1615 non
301 1588 425 1628 posse
474 1588 551 1615 nec
602 1575 744 1614 tamen
792 1572 975 1613 multum
1024 1572 1173 1626 profici
1217 1574 1392 1626 propter

58 1638 246 1680 locorum
279 1637 590 1691 difficultatem,
628 1651 807 1691 cumque
840 1637 1027 1677 animum
1059 1636 1296 1678 adverteret
1327 1651 1393 1678 ex-

60 1701 338 1744 celsissimum
362 1702 504 1744 locum
530 1704 765 1743 castrorum
795 1701 991 1743 relictum
1017 1716 1107 1743 esse
1134 1702 1184 1742 ab
1211 1700 1392 1743 Alexan-

61 1767 204 1821 drinis,
235 1767 348 1822 quod
379 1769 420 1808 et
449 1781 525 1821 per
557 1781 600 1807 se
631 1767 821 1808 munitus
848 1769 959 1807 esset
990 1769 1033 1807 et
1065 1766 1206 1807 studio
1239 1767 1394 1820 partim

60 1831 274 1886 pugnandi
311 1831 468 1885 partim
507 1831 725 1885 spectandi
758 1830 1096 1872 decucurrissent
1127 1831 1170 1871 in
1204 1845 1299 1871 eum
1337 1830 1395 1872 lo-

62 1910 173 1950 cum,
218 1896 262 1936 in
300 1910 383 1950 quo
421 1895 710 1951 pugnabatur,
753 1895 947 1936 cohortes
985 1907 1037 1936 111
1075 1895 1295 1936 circumire
1333 1911 1396 1936 ca-

63 1962 149 2001 stra
179 1963 221 2001 et
258 1975 472 2001 summurn
502 1959 643 2001 locum
676 1959 848 2015 adgredi
885 1959 1011 2000 iussit
1042 1960 1177 2014 iisque
1211 1959 1395 2000 Carfule-

62 2039 162 2066 num
198 2025 418 2080 praefecit,
458 2027 500 2066 et
538 2024 667 2065 animi
704 2023 999 2079 magnitudine
1031 2026 1073 2064 et
1103 2024 1165 2065 rei
1196 2023 1395 2064 militaris

14 2089 17 2096 ⁴
64 2089 237 2130 scientia
266 2089 405 2130 virum
436 2091 733 2143 praestantem.
785 2088 877 2138 Quo
909 2091 958 2129 ut
982 2091 1157 2129 ventum
1189 2091 1264 2141 est,
1296 2101 1393 2140 pau·
1422 2099 1441 2128 2

65 2153 123 2194 cis
148 2153 469 2195 defendentibus
494 2153 798 2208 munitionem,
829 2153 987 2195 nostris
1015 2156 1161 2194 contra
1186 2151 1395 2192 militibus

17 2216 21 2222 ’
65 2218 262 2259 acerrime
293 2218 596 2273 pugnantibus,
628 2218 792 2259 diverso
825 2217 1007 2259 clamore
1040 2220 1082 2258 et
1112 2216 1274 2270 proelio
1306 2230 1395 2270 per-

64 2283 201 2323 territi
225 2281 502 2324 Alexandrini
534 2282 793 2337 trepidantes
819 2283 864 2323 in
890 2297 1036 2323 omnes
1068 2284 1209 2335 partes
1243 2283 1395 2321 castro-

64 2360 157 2387 rum
190 2346 421 2388 discurrere
454 2350 691 2400 coeperunt.
755 2346 944 2396 Quorum
976 2345 1295 2399 perturbatione
1326 2359 1395 2386 no·
1423 2356 1442 2386 3
