1669 2574
183 80 268 114 VIII
711 77 994 112 PRAEFATIO.

185 183 279 218 runt
305 182 375 218 aut
401 180 603 228 opuscula,
638 190 739 226 quae
766 177 1015 226 scripserant,
1042 189 1113 215 sua
1139 179 1277 226 sponte
1304 178 1405 217 dono
1430 179 1526 216 mihi

185 240 388 287 miserunt,
421 238 569 287 gratias
602 249 676 286 ago
711 248 830 285 quam
861 236 1061 273 maximas.
1110 235 1217 280 Quae
1249 241 1454 286 praeterea
1485 238 1526 275 in

185 310 301 336 usum
333 298 512 335 nostrum
538 296 814 343 convertimus,
847 307 892 332 ea
918 307 988 332 suo
1014 295 1098 333 1000
1124 296 1525 334 commemoravimus.

304 356 632 405 Fragmentorum
671 354 845 392 ordinem
882 353 945 390 hic
976 353 1056 391 11110
1093 355 1262 403 mutavi,
1301 367 1428 404 pauca
1460 355 1525 392 ad-

186 415 281 463 didi,
316 414 509 463 quaedam
543 413 681 462 abieci,
714 413 824 451 velut
855 412 1137 462 Fragmentum
1176 413 1403 452 Plinianum
1433 414 1525 452 Nat.

184 474 286 511 Hist.
306 473 408 521 XIX,
432 474 514 510 144
539 470 603 521 (cf.
618 472 798 510 Teuffelii
818 471 965 509 Histor.
980 471 1116 508 Litter.
1131 471 1293 510 Roman.
1315 472 1339 522 ξ
1358 475 1451 521 195,
1469 471 1526 523 3),

185 533 395 582 diligenter
431 533 720 581 perscrutatus,
754 542 1012 580 quaecunque
1052 530 1097 568 de
1134 530 1193 568 his
1230 532 1345 570 rebus
1378 545 1400 570 a
1432 533 1526 570 viris

185 591 309 629 doctis
337 591 484 640 scripta
509 591 549 628 in
574 591 702 629 lucem
728 590 969 639 prodierunt,
995 589 1174 638 inprimis
1195 589 1367 628 Schlittii
1387 592 1525 629 disser-

185 651 377 689 tationem
409 650 455 688 de
489 649 665 688 Caesaris
697 649 807 686 libris
839 648 1106 699 grammaticis
1139 651 1178 686 et
1209 649 1377 698 Dyroffii
1410 663 1525 700 opus-

185 711 318 748 culum
345 709 390 747 de
411 709 649 747 Anticatone
678 707 794 757 (Mus.
815 708 937 746 Rhen.
957 708 1044 746 Vol.
1065 707 1113 756 L,
1143 708 1266 757 1895,
1285 722 1322 757 p.
1338 710 1418 747 481
1438 707 1525 759 sq.).

184 769 322 807 Adieci
348 769 525 806 tabulam
551 769 761 806 Fastorum
787 768 1033 806 Iulianorum
1060 767 1099 803 et
1129 767 1234 816 leges
1260 767 1394 817 Iulias,
1427 781 1527 818 quas

185 828 387 878 colligenti
431 828 526 865 mihi
577 827 705 865 denuo
749 826 937 875 reliquias
989 838 1151 875 operum
1203 825 1526 866 Caesarianorum

185 887 557 936 praetermittendas
592 900 669 925 non
703 898 784 923 esse
816 886 968 934 putavi.

305 945 462 983 Gratias
482 945 651 994 denique
672 957 746 995 ago
767 945 902 982 amicis
922 944 1120 983 Friderico
1143 944 1277 982 Schlee
1298 947 1337 982 et
1356 944 1527 984 Rudolfo

184 1005 317 1053 Helm,
357 1005 425 1054 qui
463 1005 503 1041 in
540 1004 781 1054 corrigendis
819 1004 991 1054 plagulis
1036 1016 1096 1041 me
1141 1003 1395 1052 adiuverunt,
1433 1004 1526 1042 item

187 1063 382 1102 Gulielmo
415 1064 675 1112 Nachstaedt,
710 1063 778 1112 qui
809 1068 954 1113 rogatu
991 1076 1076 1101 meo
1115 1063 1281 1101 indicem
1325 1063 1527 1101 nominum

184 1123 416 1173 composuit.
