1638 2600
452 102 551 138 CAP.
578 102 930 137 LXVIIII—-LXXH,
1311 102 1365 143 89

0 211 8 237 s
60 198 187 241 assim
219 198 431 240 conversis
464 199 583 253 equis
622 213 666 240 se
697 198 954 253 colligebant
986 200 1112 253 atque
1150 198 1194 240 in
1227 199 1364 252 spatio

0 276 8 302 e
55 262 394 316 onsequebantur
443 265 485 304 et
536 263 672 304 iacula
723 263 767 304 in
815 263 1071 317 legionarios
1122 263 1365 305 coiciebant.

52 328 96 369 ta
126 325 277 368 Caesar
313 326 438 367 modo
477 326 738 381 procedendo
781 327 906 368 modo
937 327 1171 369 resistendo
1204 327 1365 368 tardius

35 390 178 433 ‘tinere
198 391 387 432 confecto
413 392 550 433 noctis
576 392 681 433 hora
704 391 842 445 prima
862 406 1006 432 omnes
1033 406 1132 433 suos
1158 392 1210 433 ad
1234 406 1365 432 unum

35 456 43 464 '
105 456 242 496 castra
271 454 504 497 incolumes
531 456 684 498 sauciis
710 467 741 497 X
765 455 889 496 factis
915 456 1093 497 reduxit.
1154 455 1365 498 Labienus

32 519 195 562 circiter
239 530 321 561 CCC
360 520 545 575 amissis,
589 520 736 562 multis
775 519 1026 574 vulneratis,
1067 520 1152 575 [ac]
1193 520 1367 562 defessis

35 584 42 592 '
76 583 224 625 stando
258 584 454 625 omnibus
487 584 540 625 ad
579 599 678 626 suos
710 599 753 626 se
784 584 952 638 recepit.
1016 583 1158 638 Scipio
1196 585 1366 626 interim

0 665 5 692 1
47 648 215 703 egiones
246 648 474 702 productas
502 663 597 691 cum
624 649 871 703 elephantis,
903 663 1009 703 quos
1039 651 1135 689 ante
1161 651 1299 690 castra
1323 649 1367 690 in

0 731 5 756 ι
31 714 116 756 acie
148 713 321 754 terroris
354 714 492 768 gratia
523 715 566 755 in
593 715 820 768 conspectu
846 712 1036 754 Caesaris
1065 712 1369 767 conlocaverat,

0 804 3 809 ·
51 778 191 819 educit
222 778 266 818 in
298 781 446 819 castra.

116 840 266 882 LXXI.
312 841 465 884 Caesar
497 846 644 884 contra
669 843 876 884 eiusmodi
906 841 1097 884 hostium
1123 856 1277 897 genera
1302 856 1365 883 co-

29 906 120 962 pias
147 921 243 947 suas
269 921 355 948 non
380 910 429 948 ut
454 907 684 962 imperator
709 908 940 949 exercitum
968 909 1214 949 veteranum
1239 907 1367 948 victo-

0 994 1 1008 :
30 985 201 1024 remque
238 971 436 1012 maximis
475 972 600 1013 rebus
639 972 791 1027 gestis,
835 971 908 1012 sed
944 973 992 1012 ut
1021 971 1177 1012 lanista
1208 971 1367 1012 tirones

31 1034 285 1091 gladiatores
318 1035 655 1090 condocefacere3
689 1039 792 1090 quot
822 1036 948 1091 pedes
981 1051 1024 1077 se
1055 1036 1290 1090 reciperent
1315 1036 1368 1076 ab

29 1098 151 1142 hoste
178 1102 220 1141 et
246 1100 601 1154 quemadmodum
629 1100 795 1142 obversi
822 1101 1071 1142 adversariis
1098 1103 1140 1142 et
1171 1101 1214 1141 in
1241 1115 1368 1155 quan-

30 1164 120 1206 tulo
152 1165 289 1218 spatio
322 1165 585 1218 resisterent,
620 1165 745 1206 modo
776 1167 1072 1219 procurrerent
1102 1165 1228 1206 modo
1260 1179 1368 1206 rece-

31 1229 175 1271 derent
201 1229 643 1283 comminarenturque
674 1229 893 1283 impetum,
925 1243 972 1270 ac
1003 1244 1134 1283 prope
1161 1243 1243 1283 quo
1275 1229 1368 1270 loeo

31 1296 72 1338 et
103 1294 457 1348 quemadmodum
488 1293 573 1334 tela
602 1293 838 1347 mitterent,
876 1293 1127 1347 praecipere.
1189 1293 1367 1334 Mirifice

31 1358 142 1400 enim
184 1357 374 1400 hostium
411 1358 517 1399 levis
559 1360 773 1399 armatura
813 1358 987 1398 anxium
1024 1358 1255 1398 exercitum
1296 1372 1367 1399 no-

31 1425 165 1464 strum
197 1425 323 1477 atque
355 1422 586 1464 sollicitum
616 1421 812 1477 habebat,
844 1423 943 1477 quia
972 1425 1014 1463 et
1039 1423 1203 1476 equites
1236 1422 1367 1463 deter-

31 1488 149 1530 rebat
178 1487 388 1542 proelium
420 1488 526 1528 inire
558 1490 732 1541 propter
757 1502 962 1541 equorum
990 1487 1224 1541 interitum,
1256 1487 1370 1542 quod

32 1567 101 1594 eos
133 1552 281 1593 iaculis
319 1552 617 1606 interficiebat,
659 1554 701 1592 et
731 1551 1014 1607 legionarium
1045 1551 1227 1593 militem
1259 1552 1368 1593 defa-

32 1616 194 1672 tigabat
236 1619 411 1671 propter
453 1616 740 1658 velocitatem:
790 1617 931 1671 gravis
976 1616 1087 1658 enim
1132 1618 1369 1658 armaturae

31 1681 151 1723 miles
183 1681 438 1736 simulatque
477 1682 528 1723 ab
567 1681 619 1722 iis
658 1681 889 1722 insectatus
927 1682 1175 1722 constiterat
1206 1681 1250 1722 in
1282 1695 1369 1721 eos-

34 1759 111 1800 que
142 1745 348 1800 impetum
373 1746 547 1800 fecerat,
579 1745 642 1786 illi
668 1746 803 1788 veloci
828 1760 954 1788 cursu
985 1745 1222 1800 periculum
1247 1745 1370 1786 facile

32 1810 232 1852 vitabant.

117 1874 288 1917 LXXII.
335 1875 498 1925 Quibus
531 1890 583 1917 ex
614 1875 739 1917 rebus
773 1874 927 1916 Caesar
956 1874 1229 1916 vehementer
1260 1888 1367 1915 com-

33 1940 296 1995 movebatur,
338 1940 451 1995 quod
483 1939 862 1994 quotienscumque
899 1939 1109 1993 proelium
1141 1941 1231 1980 erat
1262 1953 1369 1980 com—

33 2004 226 2060 missum,
263 2005 455 2060 equitatu
494 2019 570 2046 suo
608 2005 699 2045 sine
736 2004 969 2059 legionario
1007 2004 1143 2045 milite
1181 2003 1370 2044 hostium

35 2070 238 2123 equitatui
263 2069 431 2124 levique
457 2071 695 2110 armaturae
717 2083 863 2110 eorum
888 2068 1006 2110 nullo
1032 2069 1158 2109 modo
1184 2083 1261 2122 par
1280 2082 1370 2108 esse

33 2135 206 2187 poterat.
258 2133 578 2175 Sollicitabatur
604 2137 745 2175 autem
770 2133 838 2175 his
864 2134 1008 2188 rebus,
1041 2133 1154 2188 quod
1184 2132 1371 2173 nondum

33 2195 217 2252 legiones
236 2197 427 2239 hostium
448 2200 715 2252 cognoverat,
742 2200 784 2238 et
804 2212 988 2251 quonam
1014 2196 1140 2237 modo
1164 2195 1371 2236 sustinere

0 2311 2 2325 Ι
35 2275 77 2303 se
115 2264 258 2315 posset
298 2263 349 2303 ab
391 2277 536 2304 eorum
569 2262 761 2316 equitatu
792 2262 959 2316 levique
992 2264 1221 2314 armatura,
1266 2274 1371 2314 quae

0 2336 3 2365 t
35 2329 151 2367 erant
181 2327 376 2381 mirifica,
408 2327 444 2368 si
475 2326 664 2381 legiones
698 2342 866 2382 quoque
899 2326 1183 2367 accessissent.
1245 2324 1371 2366 Acce·
1398 2335 1418 2365 3

0 350 8 626 —ew-e—g-p.
