1638 2600
555 92 655 127 cAP.
682 92 882 129 Li-Lnn.
1202 83 1205 86 ’
1333 95 1388 136 79

53 187 250 241 sarianas,
278 201 383 241 quae
408 187 455 228 in
480 188 662 230 statione
683 189 793 243 apud
813 188 1030 244 Thapsum
1057 189 1238 245 stabant,
1256 190 1393 244 veriti,

52 266 104 294 ne
141 252 184 292 in
222 251 557 293 adversariorum
595 255 644 294 ut
681 253 908 295 insidiandi
947 255 1084 309 gratia
1119 255 1179 297 ibi
1210 268 1390 296 commo-

52 315 235 357 rantium
262 315 439 356 classem
467 315 698 358 inciderent
729 317 1028 373 imprudentes,
1059 319 1153 362 vela
1182 320 1225 361 in
1258 319 1390 360 altum

53 379 256 422 dederunt
288 393 335 420 ac
367 379 437 420 diu
464 380 730 436 multumque
756 381 901 422 iactati
927 383 1096 424 tandem
1121 382 1267 424 multis
1292 384 1390 437 post

53 444 198 486 diebus
231 443 303 485 siti
334 444 560 499 inopiaque
593 446 774 487 confecti
806 445 858 486 ad
884 444 1103 489 Caesarem
1127 447 1388 502 perveniunt.

135 506 269 549 LIHI.
321 506 483 557 Quibus
512 508 754 564 legionibus
781 510 984 564 expositis
1010 526 1172 553 memor
1196 512 1241 553 in
1265 510 1389 552 Italia

48 572 251 628 pristinae
281 571 477 614 licentiae
509 573 709 615 militaris
741 588 788 615 ac
813 574 1056 629 rapinarum
1082 579 1292 618 certorum
1316 575 1388 617 ho-

49 637 210 679 minum
240 635 460 691 parvulam
493 638 618 679 modo
650 637 864 680 causulam
899 642 1047 681 nactus
1082 639 1245 695 Caesar,
1276 639 1389 695 quod

51 701 91 744 G.
122 700 330 756 Avienus,
374 702 570 743 tribunus
616 702 801 744 militum
838 714 870 744 X
905 703 1105 759 legionis,
1146 719 1298 746 navem
1340 717 1389 746 6oe

49 768 285 809 commeatu
334 765 498 806 familia
546 781 622 808 sua
670 769 796 821 atque
845 768 1046 810 iumentis
1098 769 1388 824 occupavisset

0 838 2 846 ⁸
48 845 182 885 neque
226 830 407 871 militem
450 845 582 873 unum
627 831 678 872 ab
724 830 869 873 Sicilia
911 833 1174 888 sustulisset,
1216 835 1386 888 postero

50 895 115 936 die
148 895 198 936 de
230 897 436 950 suggestu
468 895 709 937 convocatis
742 897 931 939 omnium
961 897 1178 953 legionum
1203 898 1386 939 tribunis

0 984 1 1008 3
48 959 468 1014 centurionibusque,
514 959 712 1001 ‘Maxime
753 961 934 1016 vellem’,
977 962 1133 1016 inquit,
1177 962 1385 1003 ‘homines

0 1057 1 1062 ,
49 1039 153 1066 suae·
179 1023 439 1079 petulantiae
472 1024 711 1079 nimiaeque
748 1025 958 1066 libertatis
997 1025 1220 1080 aliquando
1257 1026 1385 1068 finem

46 1088 246 1131 fecissent
294 1103 497 1143 meaeque
545 1089 752 1144 lenitatis,
801 1090 1031 1131 modestiae
1073 1090 1385 1146 patientiaeque

46 1153 252 1195 rationem
294 1152 555 1194 habuissent.
632 1152 714 1196 Sed
758 1154 957 1208 quoniam
1000 1154 1083 1208 ipsi
1126 1155 1208 1196 sibi
1250 1170 1385 1210 neque

45 1217 217 1259 modum
248 1232 384 1272 neque
416 1217 646 1258 terminum
678 1219 961 1273 constituunt,
993 1234 1076 1274 quo
1109 1221 1236 1261 ceteri
1268 1220 1385 1262 dissi-

46 1282 203 1324 militer
234 1296 279 1324 se
308 1284 470 1337 gerant,
502 1284 671 1337 egomet
696 1282 786 1336 ipse
813 1283 1111 1325 documentum
1135 1299 1252 1326 more
1277 1286 1385 1327 mili-

46 1347 126 1388 tari
157 1346 424 1388 constituam.
482 1345 524 1387 G.
552 1345 727 1400 Aviene,
759 1347 872 1401 quod
902 1347 947 1388 in
977 1346 1102 1388 Italia
1131 1348 1288 1390 milites
1312 1363 1384 1403 po-

45 1411 134 1466 puli
158 1410 343 1452 Romani
370 1413 518 1452 contra
548 1410 853 1465 rempublicam
885 1410 1102 1466 instigasti
1131 1412 1384 1467 rapinasque

45 1490 118 1531 per
157 1475 389 1530 municipia
431 1475 571 1517 fecisti
617 1475 812 1530 quodque
856 1475 962 1517 mihi
1004 1476 1150 1531 reique
1191 1477 1384 1531 publicae

45 1540 207 1582 inutilis
244 1540 366 1582 fuisti
405 1542 447 1582 et
483 1555 560 1595 pro
601 1540 810 1581 militibus
842 1542 959 1582 tuam
989 1541 1195 1583 familiam
1225 1541 1385 1583 iumen-

45 1607 169 1660 taque
198 1605 242 1646 in
272 1620 400 1647 naves
432 1605 677 1660 imposuisti
708 1607 865 1660 tuaque
897 1619 1024 1660 opera
1047 1606 1256 1647 militibus
1281 1609 1385 1648 tem-

45 1684 144 1725 pore
174 1670 410 1712 necessario
435 1670 675 1725 respublica
701 1671 826 1724 caret,
858 1670 910 1711 ob
938 1685 1007 1711 eas
1033 1685 1100 1712 res
1126 1670 1384 1725 ignominiae

47 1747 168 1776 causa
199 1734 249 1776 ab
282 1735 469 1776 exercitu
501 1749 595 1775 meo
628 1737 669 1776 te
700 1749 895 1776 removeo
927 1734 1137 1789 hodieque
1164 1750 1215 1776 ex:
1239 1734 1385 1777 Africa

47 1797 188 1840 abesse
220 1801 274 1853 et,
306 1801 512 1854 quantum
543 1801 654 1853 pote,
685 1799 898 1854 proficisci
923 1799 1059 1841 iubeo.
1112 1798 1305 1855 Itemque
1330 1803 1384 1856 te,

45 1860 94 1904 A.
117 1862 279 1918 Fontei,
313 1864 426 1919 quod
456 1863 653 1905 tribunus
688 1863 873 1905 militum
905 1864 1132 1906 seditiosus
1162 1865 1383 1920 malusque

47 1926 146 1968 civis
187 1927 325 1982 fuisti,
369 1930 411 1970 te
453 1928 504 1969 ab
543 1928 730 1969 exercitu
770 1928 950 1970 dimitto.
1012 1928 1058 1970 Τ.
1100 1927 1283 1984 Saliene,
1325 1929 1381 1970 M.

45 1989 159 2047 Tiro,
192 1992 234 2034 G.
268 1992 479 2048 Clusinas,
512 2007 608 2035 cum
640 1993 808 2034 ordines
839 1993 883 2034 in
914 2007 1009 2035 meo
1042 1993 1230 2035 exercitu
1260 1994 1382 2035 bene-

44 2054 150 2111 ficio,
180 2072 264 2098 non
295 2058 453 2099 virtute
486 2058 700 2099 consecuti
725 2058 787 2099 ita
810 2072 886 2100 vos
912 2058 1142 2114 gesseritis,
1173 2061 1222 2099 ut
1246 2073 1382 2113 neque

0 2125 5 2171 ζ’
44 2118 154 2162 bello
197 2122 328 2164 fortes
371 2137 508 2178 neque
550 2137 652 2177 pace
695 2122 798 2164 boni
841 2125 915 2165 aut
957 2123 1084 2164 utiles
1127 2123 1296 2164 fueritis
1340 2125 1382 2164 et

0 2198 2 2202 ³
44 2185 177 2239 magis
208 2186 252 2227 in
284 2187 489 2228 seditione
528 2187 873 2242 concitandisque
910 2187 1120 2228 militibus
1159 2186 1381 2227 adversum

0 2263 2 2282 ὲ
43 2251 229 2291 vestrum
259 2250 557 2305 imperatorem
589 2266 716 2306 quam
754 2251 928 2307 pudoris
965 2251 1280 2306 modestiaeque
1317 2251 1381 2292 fu-

43 2312 158 2354 eritis
196 2314 486 2370 studiosiores,
524 2316 722 2371 indignos
760 2331 835 2358 vos
869 2331 958 2358 esse
992 2316 1191 2370 arbitror,
1231 2315 1304 2370 qui
1335 2315 1380 2357 in
