1638 2600
429 108 529 142 CAP.
557 108 985 142 XXXXII—XXXXHH.
1317 109 1372 150 29

43 205 87 246 in
129 204 252 246 bellis
295 204 560 258 periclitatus
604 218 778 259 magnas
817 218 883 245 res
921 207 963 245 et
1004 204 1207 245 secundas
1247 205 1375 245 ductu

42 269 312 323 auspicioque
338 283 414 310 suo
442 271 641 323 gesserat,
672 282 807 322 neque
833 269 1074 322 provinciae
1100 269 1374 310 facultatibus

43 333 358 387 sublevabatur,
400 347 505 387 quae
542 333 700 387 partim
731 336 821 373 erat
852 334 1067 375 exinanita
1096 334 1252 388 partim
1284 334 1374 374 infi-

43 397 164 452 delis,
214 412 349 451 neque
392 398 570 438 navibus
624 396 852 438 intercluso
899 398 1005 438 mari
1051 398 1374 452 tempestatibus

42 465 300 505 commeatus
321 462 570 516 subportare
590 464 757 516 poterat
775 462 1025 516 magnisque
1052 462 1375 504 difficultatibus

42 529 230 581 coactus,
266 541 352 568 non
383 529 431 567 ut
461 526 647 580 volebat,
688 526 761 567 sed
792 528 840 566 ut
871 540 1040 568 necesse
1072 530 1178 581 erat,
1213 527 1373 568 bellum

41 591 224 648 gerebat.
298 589 365 632 Ita
408 606 504 632 cum
548 591 786 632 durissimis
829 592 1152 645 tempestatibus
1200 594 1375 646 propter

41 655 228 710 inopiam
260 655 432 697 castella
464 658 537 696 aut
568 655 724 709 oppida
754 669 995 710 expugnare
1027 659 1260 710 cogeretur,
1291 671 1374 697 cre-

40 721 117 762 bro
151 719 419 761 incommoda
445 720 677 774 accipiebat
708 720 894 774 adeoque
921 723 985 761 est
1010 734 1034 760 a
1063 719 1254 760 barbaris
1280 735 1373 761 con-

39 787 241 839 temptus,
273 787 321 825 ut
355 783 552 825 Salonam
584 798 628 825 se
658 784 865 838 recipiens
898 785 942 825 in
969 784 1172 838 oppidum
1201 785 1374 825 maritu-

39 864 174 903 mum,
208 849 321 903 quod
353 849 463 890 cives
496 848 677 889 Romani
709 848 932 890 fortissimi
962 848 1283 903 fidelissimique
1314 849 1374 890 in-

40 914 246 967 colebant,
278 913 321 954 in
354 913 519 967 agmine
553 913 751 954 dimicare
777 913 834 954 sit
860 916 1040 955 coactus.
1091 912 1183 962 Quo
1211 913 1372 968 proelio

41 979 205 1020 duobus
230 978 404 1019 milibus
430 977 615 1018 militum
642 977 824 1032 amplius
851 978 1028 1032 amissis,
1057 978 1374 1020 centurionibus

39 1055 236 1097 XXXVIII,
273 1042 457 1083 tribunis
492 1054 557 1096 IV,
597 1057 692 1083 cum
729 1042 904 1096 reliquis
936 1043 1068 1096 copiis
1101 1041 1297 1083 Salonam
1329 1058 1373 1084 se

39 1107 198 1161 recepit
229 1121 476 1160 summaque
508 1106 568 1147 ibi
601 1106 851 1148 difficultate
883 1122 1024 1148 rerum
1050 1108 1238 1149 omnium
1262 1122 1374 1161 pres-

40 1187 112 1214 sus
143 1172 288 1226 paucis
320 1172 536 1212 mensibus
562 1171 711 1212 morbo
737 1172 875 1225 periit.
926 1171 1055 1213 Cuius
1081 1175 1123 1213 et
1148 1172 1373 1213 infelicitas

39 1237 127 1278 vivi
158 1239 199 1278 et
231 1236 372 1277 subita
402 1250 516 1276 mors
548 1236 593 1276 in
623 1249 821 1290 magnam
853 1251 970 1290 spem
997 1234 1219 1277 Octavium
1248 1236 1372 1277 addu-

38 1301 103 1342 xit
126 1299 368 1354 provinciae
394 1299 641 1353 potiundae3
674 1314 800 1353 quem
825 1303 967 1341 tamen
994 1301 1153 1341 diutius
1179 1301 1223 1342 in
1248 1302 1373 1343 rebus

39 1364 233 1407 secundis
266 1366 308 1405 et
337 1362 545 1416 Fortuna,
584 1377 690 1417 quae
728 1363 961 1417 plurimum
993 1365 1037 1405 in
1068 1365 1191 1406 bellis
1221 1369 1374 1420 potest,

39 1429 344 1484 diligentiaque
378 1427 592 1469 Cornificii
625 1430 666 1468 et
698 1428 834 1469 virtus
861 1428 1025 1470 Vatinii
1056 1430 1216 1471 versari
1250 1445 1375 1484 passa

39 1509 123 1536 non
154 1497 229 1535 est.

125 1556 386 1599 XXXXIHI.
436 1556 636 1599 Vatinius
662 1557 880 1599 Brundisii
912 1573 1008 1600 cum
1039 1562 1160 1613 esset,
1191 1560 1374 1615 cognitis

37 1623 175 1677 rebus,
207 1637 314 1677 quae
346 1625 489 1677 gestae
521 1624 640 1663 erant
672 1622 716 1663 in
743 1621 927 1677 Illyrico,
960 1638 1054 1664 cum
1081 1625 1238 1665 crebris
1263 1625 1374 1667 litte-

38 1688 97 1730 ris
129 1687 345 1729 Cornificii
377 1687 430 1727 ad
467 1686 673 1727 auxilium
708 1688 950 1741 provinciae
981 1688 1200 1730 ferendum
1232 1705 1374 1732 evoca-

38 1755 154 1795 retur
191 1755 233 1793 et
270 1751 326 1792 M.
360 1750 584 1792 Octavium
629 1750 795 1808 audiret
833 1767 928 1794 cum
971 1753 1163 1795 barbaris
1205 1754 1375 1797 foedera

38 1817 293 1872 percussisse
338 1816 713 1870 compluribusque
756 1816 862 1858 locis
905 1821 1149 1860 nostrorum
1188 1819 1373 1860 militum

39 1896 281 1937 oppugnare
318 1881 529 1936 praesidia
565 1880 723 1935 partim
762 1881 893 1923 classe
930 1897 1006 1936 per
1038 1897 1082 1924 se
1118 1884 1274 1937 partim
1305 1900 1373 1938 pe-

40 1947 248 1988 destribus
281 1947 414 2000 copiis
445 1961 521 2000 per
544 1945 759 1999 barbaros,
791 1945 873 1986 etsi
904 1945 1023 2000 gravi
1047 1945 1280 1988 valitudine
1307 1948 1373 1988 ad-

38 2010 172 2052 fectus
198 2011 272 2051 vix
303 2010 491 2064 corporis
523 2009 687 2051 viribus
714 2010 904 2050 animum
935 2010 1201 2065 sequebatur,
1231 2014 1373 2053 tamen

38 2075 193 2116 virtute
232 2075 336 2116 vicit
373 2074 688 2117 incommodum
729 2077 904 2116 naturae
944 2075 1300 2130 difficultatesque
1332 2080 1373 2117 et

37 2138 189 2181 hiemis
221 2143 262 2181 et
288 2140 453 2181 subitae
485 2140 833 2194 praeparationis.
893 2139 1006 2181 Nam
1039 2155 1133 2181 cum
1159 2141 1248 2194 ipse
1273 2155 1371 2194 pau-

39 2217 106 2245 cas
132 2205 176 2245 in
206 2206 333 2258 portu
358 2219 486 2246 naves
517 2204 667 2260 longas
691 2204 879 2259 haberet,
909 2204 1074 2246 litteras
1101 2205 1144 2245 in
1166 2204 1371 2245 Achaiam

39 2267 90 2308 ad
121 2267 167 2318 Q.
194 2267 395 2310 Calenum
426 2269 555 2323 misit,
586 2269 652 2310 uti
683 2269 767 2310 sibi
798 2269 975 2310 classem
1007 2269 1206 2309 mitteret.
1250 2267 1371 2318 Quod

38 2346 132 2373 cum
163 2333 324 2374 tardius
360 2333 498 2387 fieret,
537 2348 664 2388 quam
701 2334 936 2388 periculum
974 2335 1218 2374 nostrorum
1255 2333 1371 2387 flagi-

1399 2151 1418 2171 ’-)

1400 2171 1417 2181 -a

1400 2281 1416 2296 -ι

1398 2295 1417 2309 ι)
