1638 2600
461 115 562 150 CAP.
588 113 1001 148 XXXVIII—XXXXII.
1320 112 1395 152 131

60 212 331 256 contendunt.
384 211 451 253 Ita
482 227 576 253 cum
609 226 660 252 ex
692 210 866 252 castello
898 210 1050 251 Didius
1083 210 1135 250 ad
1167 209 1399 264 propellen-
1428 220 1447 250 5

61 279 160 319 dum
192 278 469 332 processisset
500 291 595 318 cum
628 276 772 330 copiis,
805 275 973 329 signum
1001 289 1024 315 a
1050 274 1266 316 Lusitanis
1293 273 1401 314 tolli-

60 345 147 397 tur,
184 358 312 384 naves
351 342 651 396 incenduntur,
689 339 916 394 simulque,
956 340 1029 394 qui
1061 354 1112 380 ex
1144 338 1317 381 castello
1350 338 1402 378 ad

60 422 248 463 pugnam
280 410 590 461 processerant,
621 406 767 448 eodem
800 405 922 459 signo
944 440 950 446 .
974 439 980 445 .
1003 439 1010 446 .
1031 405 1244 460 fugientes
1276 405 1399 446 latro

59 487 134 513 nes
166 473 267 513 dum
304 475 635 526 persequuntur,
676 485 700 512 a
731 474 850 525 tergo
884 470 1060 511 insidiae
1093 470 1274 512 clamore
1307 470 1402 511 sub-

58 537 146 578 lato
168 537 516 579 circumveniunt.
548 536 700 578 Didius
726 549 881 590 magna
906 550 1002 576 cum
1029 535 1187 576 virtute
1206 548 1403 589 puynans
1429 544 1449 575 6

59 617 155 644 cum
194 602 484 656 compluribus
523 601 792 655 interficitur,
831 599 1025 641 nonnulli
1064 614 1112 640 ea
1142 614 1286 655 pugna
1317 615 1402 642 sca-

59 667 178 721 phas,
211 682 317 721 quae
351 668 402 708 ad
433 667 537 708 litus
569 667 749 720 fuerant,
781 668 1002 719 occupant,
1028 665 1131 706 item
1164 665 1402 720 complures

59 732 197 772 nando
237 732 289 773 ad
327 747 472 786 naves,
511 747 617 787 quae
655 732 698 772 in
736 730 825 772 salo
863 731 1052 783 fuerunt,
1098 745 1141 771 se
1179 731 1404 785 recipiunt,

59 797 224 838 ancoris
254 797 433 838 sublatis
465 797 642 853 pelagus
674 796 801 837 remis
833 798 976 850 petere
1009 798 1256 849 coeperunt3
1297 810 1403 849 quae

60 875 126 902 res
159 875 305 902 eorum
332 861 443 902 vitae
476 861 558 902 fuit
583 861 784 903 subsidio.
835 860 1030 901 Lusitani
1056 860 1211 914 praeda
1236 861 1403 914 potiun-
1432 870 1450 900 7

58 928 138 967 tur.
191 925 344 967 Caesar
377 925 566 967 Gadibus
598 941 744 968 rursus
778 926 830 967 ad
861 924 1075 979 Hispalim
1107 925 1296 966 recurrit.

149 990 344 1032 XXXXI.
377 990 535 1033 Fabius
555 991 780 1045 Maximus,
800 990 999 1047 quemad
1018 989 1221 1032 Mundam
1241 991 1270 1043 ἦ-
1290 1005 1404 1044 prae·
1433 1001 1449 1031 1

59 1056 217 1097 sidium
274 1056 606 1111 oppugnandum
662 1056 909 1110 reliquerat,
965 1055 1164 1110 operibus
1219 1055 1405 1096 adsiduis

59 1122 224 1163 diurnis
265 1122 564 1176 nocturnisque
614 1121 901 1175 circumsedit;
944 1120 1162 1162 interclusi
1207 1121 1318 1162 inter
1362 1135 1406 1161 se

59 1186 280 1240 dcernere3
336 1186 448 1227 facta
503 1187 627 1227 caede
680 1187 786 1227 bene
830 1200 985 1241 magna
1020 1219 1196 1227 .....
1232 1185 1406 1227 faciunt.

57 1249 208 1291 Nostri
258 1251 310 1291 ad
361 1251 564 1304 oppidum
617 1251 951 1305 recuperandum
1002 1251 1264 1292 occasionem
1322 1265 1407 1291 non
1433 1261 1453 1290 2

58 1315 409 1369 praetermittunt
447 1319 488 1357 et
526 1315 713 1370 reliquos
750 1316 870 1356 vivos
910 1316 1101 1370 capiunt,
1138 1328 1239 1356 XIIII
1276 1315 1406 1356 milia.

58 1379 296 1421 Ursaonem
328 1381 675 1435 proficiscuntur3
708 1380 821 1435 quod
853 1380 1056 1434 oppidum
1088 1394 1242 1435 magna
1273 1380 1407 1421 muni-
1434 1390 1454 1420 3

58 1445 175 1486 tione
207 1446 518 1500 continebatur,
550 1446 611 1487 sic
642 1449 690 1487 ut
722 1446 812 1500 ipse
843 1445 963 1487 locus
995 1460 1079 1486 non
1105 1445 1244 1487 solum
1271 1460 1408 1499 opere,

59 1510 132 1551 sed
175 1511 303 1552 etiam
348 1514 501 1552 natura
544 1511 735 1552 munitus
780 1511 833 1551 ad
870 1510 1202 1566 oppugnandum
1240 1510 1407 1552 hostem

58 1575 278 1629 inpediret.
351 1575 445 1617 Hoc
489 1576 731 1630 accedebat,
782 1579 830 1617 ut
873 1591 982 1630 aqua
1024 1578 1320 1630 praeterquam
1365 1575 1408 1616 in
1434 1585 1456 1615 4

59 1640 152 1694 ipso
198 1641 353 1695 oppido
399 1656 526 1682 unam
574 1641 846 1682 circumcirca
890 1656 1100 1695 nusquam
1150 1641 1409 1695 reperiretur

59 1707 235 1760 propius
285 1706 404 1748 milia
452 1721 656 1761 passuum
700 1718 800 1761 V1113
851 1721 957 1760 quae
1009 1721 1074 1747 res
1119 1719 1274 1761 magno
1320 1708 1410 1747 erat

60 1771 304 1813 adiumento
350 1771 584 1826 oppidanis.
660 1771 769 1812 Tum
813 1774 1031 1825 praeterea
1074 1771 1315 1824 accedebat,
1361 1772 1408 1811 ut
1436 1780 1455 1810 5

0 1880 1 1887 χ
61 1849 259 1891 aggerem
290 1871 446 1878 ......
459 1870 469 1891 ,
506 1837 807 1890 materiesque,
846 1835 956 1877 unde
995 1835 1112 1876 soliti
1148 1838 1248 1876 sunt
1279 1834 1410 1875 turris

61 1915 108 1942 ac
144 1902 289 1943 vineas
316 1902 463 1955 facere,
501 1902 678 1956 propius
714 1900 832 1942 milia
863 1914 1066 1955 passuum
1099 1911 1147 1941 VI
1178 1914 1263 1941 non
1295 1913 1409 1953 repe—

60 1965 267 2007 riebatur:
298 1966 328 2019 †
359 1966 438 2008 hac
463 1966 694 2021 Pompeius
727 1966 779 2007 ad
812 1965 1015 2020 oppidum
1048 1965 1409 2020 oppugnationem

61 2031 264 2072 tutiorem
303 2031 509 2086 efficeret,
548 2046 716 2073 omnem
754 2031 974 2072 materiem
1013 2030 1172 2071 circum
1206 2030 1409 2084 oppidum

63 2096 269 2137 succisam
306 2096 419 2138 intro
452 2097 678 2152 congessit.
738 2095 806 2137 Ita
836 2095 1072 2137 necessario
1105 2095 1412 2136 diducebantur
1438 2105 1458 2136 6

62 2161 210 2214 nostri,
241 2164 289 2202 ut
320 2177 344 2202 a
371 2161 543 2216 Munda,
576 2162 690 2216 quod
721 2161 915 2216 proxime
948 2164 1159 2215 ceperant,
1191 2161 1410 2202 materiem

64 2223 139 2264 illo
172 2224 452 2279 deportarent.

154 2288 370 2332 XXXXII.
413 2291 528 2333 Dum
555 2291 657 2334 haec
683 2292 736 2333 ad
760 2290 964 2333 Mundam
991 2293 1198 2345 geruntur
1224 2293 1265 2331 et
1285 2289 1411 2331 Ur'sa-
1439 2300 1456 2331 1

66 2367 203 2407 onem,
236 2353 400 2409 Caesar,
432 2356 483 2397 ad
508 2355 723 2411 Hispalim
757 2371 852 2398 cum
880 2354 1069 2397 Gadibus
1102 2370 1145 2396 se
1173 2355 1413 2410 recepisset,
