1669 2574
296 92 352 132 58
742 90 936 124 BELLUM
960 90 1183 125 AFRICUM.

297 201 391 228 cum
413 187 495 227 iam
520 186 666 226 hostes
691 185 888 240 languide
914 184 1000 226 tela
1023 185 1375 240 neglegenterque
1400 186 1628 242 mitterent,

295 251 436 291 subito
486 250 680 290 immittit
728 249 922 290 cohortes
971 252 1215 304 turmasque
1265 264 1454 304 suorum3
1503 253 1628 305 atque

294 316 451 367 puncto
483 312 686 366 temporis
717 312 913 354 hostibus
944 313 1061 354 nullo
1100 314 1271 369 negotio
1310 328 1457 368 campo
1493 315 1627 368 pulsis

294 380 392 431 post
418 376 649 430 collemque
677 376 849 418 deiectis
876 377 988 418 nacti
1012 377 1153 419 locum
1180 381 1304 433 atque
1330 379 1390 419 ibi
1415 379 1628 433 paulisper

294 441 560 495 commorati,
592 441 668 496 ita,
699 442 764 482 uti
796 444 914 482 erant
946 442 1161 496 instructi,
1189 442 1342 484 leniter
1373 457 1417 484 se
1448 443 1500 484 ad
1531 458 1627 486 suas

293 505 503 559 recipiunt
532 505 801 547 munitiones.
857 505 1049 560 Itemque
1080 505 1306 547 adversarii
1334 506 1443 548 male
1468 508 1628 562 accepti

293 571 385 609 tum
418 569 587 610 demum
620 584 664 611 se
696 570 749 610 ad
781 584 857 611 sua
886 570 1095 624 praesidia
1126 570 1405 612 contulerunt.

379 632 559 674 XVIIII.
608 633 785 675 Interim
806 649 854 675 ea
872 649 917 675 re
945 637 1065 689 gesta
1089 637 1132 675 et
1155 635 1315 688 proelio
1343 635 1550 690 dirempto
1576 651 1629 678 ex

292 698 542 739 adversariis
566 698 788 753 perfugere
814 698 1052 752 complures
1085 713 1136 740 ex
1168 699 1282 739 omni
1313 712 1465 754 genere
1494 700 1629 742 homi-

290 777 405 816 num,
431 766 472 804 et
496 766 713 817 praeterea
737 763 959 817 intercepti
986 762 1175 804 hostium
1203 763 1439 818 complures
1464 765 1627 818 equites

290 826 548 881 peditesque.
614 826 683 868 Ex
727 827 879 881 quibus
923 828 1142 882 cognitum
1187 830 1250 868 est
1293 828 1516 869 consilium
1554 829 1627 870 ho-

290 891 432 945 stium,
464 905 535 932 eos
559 891 639 932 hac
663 894 804 932 mente
831 894 874 932 et
898 894 1052 933 conatu
1077 892 1254 946 venisse,
1285 895 1334 933 ut
1363 907 1472 934 novo
1501 896 1627 948 atque

290 955 493 996 inusitato
541 969 693 1009 genere
742 955 893 1009 proelii
942 956 1102 997 tirones
1151 956 1374 1010 legionarii
1421 958 1627 1012 paucique

289 1020 525 1074 perturbati
563 1019 759 1061 Curionis
799 1020 990 1074 exemplo
1029 1020 1081 1061 ab
1119 1021 1311 1074 equitatu
1354 1021 1628 1065 circumventi

291 1085 647 1138 opprimerentur,
686 1087 728 1126 et
758 1084 819 1125 ita
848 1084 1082 1126 Labienum
1113 1084 1270 1126 dixisse
1306 1100 1383 1139 pro
1421 1087 1627 1142 contione,

289 1151 451 1190 tantam
478 1163 522 1190 se
547 1148 864 1190 multitudinem
891 1149 1144 1190 auxiliorum
1169 1148 1418 1190 adversariis
1438 1148 1626 1192 Caesaris

289 1213 729 1267 subministraturum,
767 1217 815 1254 ut
852 1214 980 1255 etiam
1014 1213 1221 1255 caedendo
1254 1214 1297 1254 in
1329 1213 1421 1267 ipsa
1450 1214 1627 1256 victoria

290 1277 511 1332 defatigati
534 1278 802 1319 vincerentur
828 1281 954 1332 atque
980 1293 1004 1319 a
1029 1279 1115 1319 suis
1141 1281 1450 1332 superarentur,
1470 1278 1626 1333 quippe

290 1342 363 1395 qui
394 1342 437 1381 in
469 1341 640 1382 illorum
671 1355 837 1383 numero
875 1342 957 1383 sibi
996 1342 1240 1396 confideret,
1276 1342 1479 1396 primum,
1514 1343 1627 1397 quod

289 1405 479 1446 audierat
503 1405 663 1446 Romae
694 1406 883 1460 legiones
915 1409 1134 1447 veteranas
1168 1406 1390 1446 dissentire
1421 1420 1556 1460 neque
1581 1407 1626 1448 in

287 1469 477 1511 Africam
502 1470 610 1511 velle
637 1471 834 1525 transire3
868 1470 1029 1524 deinde,
1062 1470 1175 1524 quod
1205 1470 1387 1510 triennio
1413 1470 1457 1510 in
1481 1469 1626 1512 Africa

288 1549 387 1576 suos
419 1534 574 1575 milites
601 1537 787 1576 retentos
816 1534 1119 1576 consuetudine
1144 1534 1289 1575 fideles
1316 1534 1397 1575 sibi
1422 1535 1505 1575 iam
1531 1536 1626 1577 effe-

287 1599 427 1653 cisset,
452 1599 637 1639 maxima
662 1602 803 1640 autem
830 1599 988 1639 auxilia
1013 1599 1188 1640 haberet
1206 1598 1489 1640 Numidarum
1512 1601 1625 1654 equi-

287 1667 380 1705 tum
409 1663 599 1717 levisque
631 1666 879 1718 armaturae,
911 1666 1127 1717 praeterea
1161 1678 1213 1704 ex
1243 1663 1346 1718 fuga
1380 1663 1624 1718 proelioque

286 1727 544 1781 Pompeiano
563 1727 774 1768 Labienus
796 1742 901 1781 quos
929 1742 1070 1769 secum
1098 1743 1121 1768 a
1139 1728 1349 1769 Buthroto
1369 1730 1624 1782 transporta-

286 1795 405 1833 verat
428 1792 590 1845 equites
613 1790 843 1832 Germanos
867 1791 1095 1846 Gallosque
1119 1805 1299 1846 quosque
1322 1792 1382 1832 ibi
1402 1795 1551 1846 postea
1573 1807 1625 1834 ex

285 1856 484 1910 hibridis,
526 1856 736 1897 libertinis
773 1857 990 1910 servisque
1027 1856 1349 1910 conscripserat,
1392 1860 1626 1898 armaverat

287 1935 479 1975 equoque
528 1920 592 1961 uti
639 1920 804 1961 frenato
849 1921 1205 1974 condocefecerat,
1252 1924 1467 1975 praeterea
1509 1922 1626 1976 regia

288 1984 455 2038 auxilia,
481 1984 716 2038 elephantis
738 1995 829 2025 CXX
855 1985 1101 2039 equitesque
1127 1985 1457 2039 innumerabilis,
1477 1986 1624 2027 deinde

286 2049 475 2104 legiones
508 2048 767 2102 conscriptas
800 2064 851 2089 ex
883 2049 1202 2102 cuiusquemodi
1240 2049 1404 2103 generis
1443 2049 1624 2103 amplius

286 2125 352 2155 XII
376 2113 561 2154 milibus.
610 2112 702 2153 Hac
728 2127 800 2166 spe
834 2116 959 2166 atque
988 2113 1143 2153 fiducia
1168 2113 1452 2153 inflammatus
1478 2113 1623 2155 Labie-

286 2194 365 2220 nus
411 2193 506 2219 cum
551 2178 764 2232 equitibus
805 2177 937 2218 Gallis
977 2176 1281 2230 Germanisque
1319 2188 1433 2231 MDC,
1475 2176 1623 2219 Numi-

287 2243 434 2283 darum
482 2243 571 2283 sine
615 2242 746 2283 frenis
785 2253 867 2282 V111
910 2241 1101 2295 milibus,
1144 2244 1361 2295 praeterea
1403 2241 1623 2284 Petreiano

286 2307 443 2348 auxilio
477 2307 666 2347 adhibito
697 2306 911 2360 equitibus
938 2317 1047 2360 MDC,
1077 2305 1266 2359 peditum
1293 2320 1339 2347 ac
1363 2306 1467 2347 levis
1494 2321 1623 2347 arma-

1649 2395 1655 2500 ἱ
