1638 2600
562 146 661 182 CAP.
682 147 813 182 VI—X
1300 148 1356 188 53

104 240 219 282 VIII.
283 240 436 282 Caesar
473 242 644 283 interim
681 243 725 283 in
764 242 1001 284 Sardiniam
1044 244 1216 284 nuntios
1260 257 1355 284 cum
1383 254 1400 284 1

16 306 171 349 litteris
203 307 246 347 et
276 306 320 346 in
350 305 536 360 reliquas
576 307 814 361 provincias
851 307 1054 348 finitimas
1093 307 1270 360 dimisit,
1308 309 1356 346 ut

19 369 99 412 sibi
119 368 287 423 auxilia,
313 373 586 424 commeatus,
611 371 885 425 frumentum,
911 371 1166 426 simulatque
1191 371 1356 411 litteras

17 434 230 489 legissent,
262 434 470 475 mittenda
502 437 714 489 curarent,
746 436 1068 489 exoneratisque
1099 435 1254 490 partim
1285 449 1355 475 na-

17 498 138 541 vibus
173 498 313 553 longis
348 497 572 540 Rabirium
604 498 858 540 Postumum
897 500 941 540 in
980 498 1169 540 Siciliam
1207 500 1259 540 ad
1296 514 1355 540 se-

18 563 198 606 eundum
224 565 507 604 commeatum
534 563 832 605 arcessendum
861 563 1008 604 mittit.
1057 562 1233 605 Interim
1254 597 1355 605 .....
1382 575 1401 604 2

17 641 111 670 cum
136 638 168 667 X
197 627 377 668 navibus
408 627 549 683 longis
579 628 634 669 ad
660 627 844 681 reliquas
870 642 998 668 naves
1025 628 1236 668 onerarias
1262 642 1356 669 con-

19 691 258 747 quirendas,
297 706 403 745 quae
443 692 722 746 deerrassent,
760 694 802 732 et
839 691 966 732 simul
1003 706 1118 732 mare
1153 692 1357 732 tuendum

19 755 68 798 ab
99 754 295 797 hostibus
328 755 447 797 iubet
476 756 700 811 proficisci.
763 754 872 797 Item
910 755 952 797 C.
987 754 1238 797 Sallustium
1271 755 1356 796 Cri·
1383 767 1402 796 3

18 834 139 875 spum
175 823 414 874 praetorem
453 821 504 862 ad
546 820 763 862 Cercinam
803 819 985 861 insulam
1022 834 1188 874 versus,
1231 834 1357 874 quam

17 884 242 927 adversarii
269 884 481 939 tenebant,
514 900 609 927 cum
643 887 763 939 parte
795 884 966 925 navium
998 884 1060 926 ire
1085 884 1214 938 iubet,
1245 883 1359 938 quod

17 948 76 991 ibi
107 962 309 1003 magnum
339 963 563 990 numerum
604 949 808 990 frumenti
845 963 936 990 esse
974 948 1181 990 audiebat.
1241 947 1357 989 Haec
1383 959 1404 989 4

17 1013 77 1055 ita
119 1013 353 1066 imperabat
396 1014 647 1068 unicuique,
696 1014 756 1054 ita
803 1013 1105 1067 praecipiebat,
1153 1013 1217 1054 uti
1266 1013 1358 1053 fieri

17 1079 190 1132 possent
231 1091 367 1131 neque
410 1077 550 1118 locum
595 1077 814 1119 excusatio
857 1076 1022 1118 nullum
1065 1077 1239 1118 haberet
1282 1092 1359 1118 nec

17 1154 177 1182 moram
214 1141 519 1194 tergiversatio.
582 1140 679 1195 Ipse
717 1142 878 1183 interea
915 1157 966 1183 ex
1002 1142 1192 1196 perfugis
1225 1145 1267 1183 et
1298 1142 1357 1182 in-
1384 1151 1403 1182 5

18 1204 119 1247 colis
151 1204 333 1259 cognitis
365 1205 684 1247 condicionibus
719 1205 947 1259 Scipionis,
986 1208 1028 1246 et
1066 1206 1139 1260 qui
1176 1221 1272 1247 cum
1309 1220 1358 1247 eo

17 1268 174 1310 bellum
218 1271 365 1309 contra
407 1284 451 1310 se
496 1270 719 1323 gerebant,
762 1269 908 1310 mirari
944 1294 1002 1298 —-
1038 1270 1203 1323 regium
1246 1271 1359 1311 enim

19 1333 253 1388 equitatum
285 1330 427 1387 Scipio
465 1348 517 1374 ex
554 1334 775 1388 provincia
805 1332 952 1374 Africa
983 1333 1121 1374 alebat
1151 1358 1210 1363 —-
1241 1337 1360 1375 tanta

18 1396 207 1438 homines
239 1410 329 1437 esse
361 1397 583 1451 dementia,
615 1401 668 1439 ut
698 1397 850 1438 malint
877 1398 990 1452 regis
1016 1412 1106 1438 esse
1130 1399 1358 1453 vectigales

21 1475 143 1516 quam
176 1475 271 1502 cum
303 1460 465 1502 civibus
497 1462 541 1502 in
573 1462 714 1516 patria
744 1462 789 1502 in
826 1462 914 1503 suis
950 1461 1134 1503 fortunis
1171 1477 1261 1504 esse
1299 1463 1360 1504 in-

21 1525 212 1568 columes.

104 1588 241 1631 VIIII.
304 1588 457 1631 Caesar
499 1606 533 1631 a.
573 1591 609 1632 d.
652 1603 704 1632 111
740 1591 850 1633 Non.
888 1590 974 1632 Ian.
1021 1595 1159 1633 castra
1200 1596 1404 1648 movet31

19 1653 140 1709 Lepti
183 1669 257 1695 sex
300 1654 542 1696 cohortium
584 1656 797 1710 praesidio
842 1670 938 1697 cum
983 1655 1163 1697 Saserna
1211 1657 1359 1699 relicto

21 1718 107 1773 ipse
132 1733 289 1773 rurSUS,
315 1719 425 1760 unde
444 1719 581 1774 pridie
600 1723 784 1774 venerat,
808 1719 1045 1774 Ruspinam
1065 1735 1161 1762 cum
1185 1721 1360 1776 reliquis

21 1783 150 1837 copiis
187 1784 396 1825 convertit
433 1784 578 1838 ibique
618 1785 793 1826 sarcinis
832 1785 1041 1826 exercitus
1078 1786 1239 1827 relictis
1270 1787 1360 1840 ipse

23 1846 114 1888 cum
145 1848 341 1902 expedita
370 1863 498 1890 manu
530 1850 816 1903 proficiscitur
845 1849 1002 1890 circum
1027 1849 1150 1890 villas
1177 1850 1359 1892 frumen-

22 1913 153 1953 tatum
197 1913 503 1968 oppidanisque
547 1915 748 1969 imperat,
794 1917 842 1955 ut
884 1914 1046 1968 plostra
1088 1915 1359 1969 iumentaque

23 1977 159 2017 omnia
193 1990 234 2018 se
271 1981 511 2032 sequantur.
573 1978 723 2034 Itaque
762 1993 917 2034 magno
949 1994 1125 2021 numero
1157 1980 1359 2020 frumenti

25 2038 32 2046 ”
63 2043 187 2082 vento
224 2040 460 2095 Ruspinam
497 2035 618 2084 redit.
686 2041 782 2085 Hoc
821 2059 917 2085 eum
960 2044 1117 2086 idcirco
1162 2046 1359 2086 existimo

43 2105 240 2159 coepisse,
271 2108 319 2146 ut
349 2107 566 2148 maritima
597 2107 754 2161 oppida
785 2110 883 2161 post
915 2122 959 2148 se
990 2122 1042 2149 ne
1073 2122 1206 2149 vacua
1236 2108 1360 2148 relin-

49 2171 164 2210 ueret
211 2170 506 2225 praesidioque
555 2171 724 2212 firmata
775 2171 826 2212 ad
879 2172 1047 2212 classim
1096 2171 1360 2225 receptacula

63 2233 212 2275 uniret.

106 2296 155 2338 X.
228 2297 376 2353 Itaque
425 2300 486 2341 ibi
535 2301 683 2342 relicto
734 2300 780 2342 P.
826 2300 1022 2354 Saserna,
1078 2300 1206 2340 fratre
1256 2299 1357 2352 eius,
1386 2311 1403 2341 1

50 2374 143 2401 uem
179 2361 303 2416 Lepti
340 2364 534 2417 proximo
574 2365 728 2418 oppido
767 2364 1013 2418 reliquerat,
1053 2379 1146 2405 cum
1188 2364 1353 2419 legione

1386 1991 1404 2019 N.)
