1669 2574
228 87 309 129 138
514 87 549 122 C.
575 86 688 120 IULII
714 84 941 120 CAESARIS
966 83 1276 119 FRAGMENTA

224 183 331 226 eripit
355 183 462 216 etiam
486 192 594 224 spem,
618 190 708 223 quae
733 179 810 213 sola
834 179 991 212 homines
1016 179 1056 212 in
1081 179 1235 212 miseriis
1260 178 1439 212 consolari
1463 179 1560 213 solet.

224 230 334 263 Bona
358 232 545 272 praeterea
571 227 756 270 publicari
786 226 899 268 iubet,
931 226 1042 260 vitam
1071 225 1184 259 solam
1211 225 1382 269 relinquit
1405 226 1561 268 nefariis

223 276 447 317 hominibus,·
478 285 585 327 quani
609 274 641 308 si
666 274 869 317 eripuisset,
898 273 1027 307 multos
1051 283 1129 306 una
1153 272 1290 307 dolores
1315 273 1431 306 animi
1456 277 1561 317 atque

223 334 283 358 eor
279 333 382 366 poris
406 326 437 356 et
462 321 577 355 omnis
600 321 767 355 scelerum
788 331 924 364 poenas
949 320 1144 354 ademisset.

316 369 413 403 Ibicl.
433 368 459 413 §
478 372 534 402 10.
579 367 630 402 At
654 378 735 402 vero
762 368 797 401 (J.
826 367 959 401 Caesar
983 367 1155 411 intellegit
1181 367 1288 411 leyem
1312 366 1562 410 Semproniam

223 427 293 451 esse
317 416 359 450 de
384 415 521 450 civibus
543 414 720 449 Romanis
745 415 973 448 constitutam
980 428 993 456 ,·
1019 415 1081 458 qui
1106 418 1224 448 autem
1248 414 1302 448 rei
1324 414 1491 457 publicae
1514 414 1562 448 sit

222 464 343 505 hostis,
367 474 447 497 eum
472 463 580 496 civem
605 473 676 496 esse
699 462 801 496 nullo
826 462 928 495 modo
949 472 1051 504 posse
1058 475 1071 503 ,·
1096 461 1246 505 denique
1270 462 1388 504 ipsum
1415 461 1562 495 latorem

222 510 453 554 Semproniae
480 510 564 553 leyis
588 509 732 544 iniussu
755 509 885 552 populi
910 518 1048 552 poenas
1072 509 1125 542 rei
1150 509 1318 552 publicae
1343 508 1560 552 dependisse.

221 558 323 591 Idem
347 558 466 600 ipsum
490 557 698 599 Lentulum,
725 557 929 600 larqitorem
954 559 986 589 et
1005 555 1218 599 prodigum,
1242 566 1317 589 non
1336 559 1457 599 putat,
1482 566 1562 590 cum

222 605 265 638 (le
285 604 445 647 pernicie
465 604 596 647 populi
621 603 798 645 Romani,
829 603 939 637 exitio
963 602 1072 636 huius
1097 602 1198 636 urbis
1223 606 1296 637 tam
1321 603 1459 645 acerbe,
1487 606 1562 637 tam

222 651 411 686 crudeliter
436 651 614 696 cogitarit,
639 651 746 685 etiam
771 649 951 694 appellari
970 659 1074 693 posse
1094 649 1317 692 popularem.

316 698 370 741 Cf.
405 698 476 732 Cic.
515 698 564 732 acl
600 698 675 733 Att.
708 698 812 739 XII,
842 699 902 739 21,
934 700 965 730 1.
1017 696 1105 730 Sall.
1138 696 1229 730 Bell.
1265 696 1412 731 Catilin.
1445 707 1471 731 c.
1504 699 1560 731 51.

221 745 316 780 Suet.
345 744 441 780 Caes.
468 757 495 780 c
522 748 578 779 14.

317 793 415 828 Plut.
439 792 536 827 Caes.
560 795 590 826 7.
625 790 665 827 ‘O
691 790 731 825 δε
752 794 895 848 Καῖσαρ
922 789 1084 829 ἀναστὰς
1108 789 1217 847 λόγον
1243 791 1374 834 διῆλθε
1399 802 1562 834 πεφρον-

221 838 402 883 τισμένον,
428 839 475 879 ὡς
500 838 716 874 ἀποκτεῖναι
742 837 807 882 μὲν
833 835 1005 881 ἀκριτους
1027 836 1168 881 ἄνδρας
1174 835 1364 888 ἀξιώματι
1382 837 1445 871 καὶ
1465 836 1562 882 γένει

222 887 410 931 λαμπρους
448 886 491 921 οὐ
526 887 630 920 δοκεῖ
666 885 822 929 πάτριον
855 883 941 919 οὐδε
973 883 1121 919 δίκαιον
1153 887 1267 926 εἰναι,
1298 883 1345 928 μὴ
1379 884 1467 928 μετὰ
1499 890 1562 929 τῆς

223 933 376 992 ἐσχάτης
401 932 576 978 ἀνάγκης,
603 933 634 967 εἰ
660 932 699 967 δὲ
726 938 949 991 φρουροῖντο
976 930 1148 991 δεθέντες
1174 931 1213 965 ἐν
1238 928 1361 965 πόλεσι
1387 937 1450 976 τῆς
1470 930 1562 966 Ἰ-τα

223 979 314 1025 λίας,
340 980 384 1021 ἃς
409 994 456 1015 αν
476 980 587 1020 αὐτὸς
607 979 730 1024 ε’ληται
750 977 928 1022 Κικέρων,
955 977 1058 1024 μέχρι
1079 975 1121 1013 οὗ
1129 980 1429 1037 καταπολεμηθῇ
1449 981 1562 1013 Κατι-

221 1026 341 1072 λίνας,
379 1026 530 1071 ὕστερον
568 1027 607 1062 ἐν
645 1026 770 1072 εἰρήνῃ
809 1027 872 1061 καὶ
903 1025 994 1061 καθ’
1030 1024 1186 1071 ἡσυχίαν
1218 1026 1301 1069 περὶ
1334 1025 1487 1060 ἑκάστου
1518 1031 1562 1071 τῇ

222 1076 334 1121 βουλῇ
359 1081 500 1120 γνῶναι
525 1073 683 1118 παρέξει.
736 1074 790 1117 Cf.
818 1074 917 1108 Plut.
946 1074 1055 1108 Cicer.
1081 1076 1140 1108 21.

315 1122 392 1157 Dio
419 1122 516 1156 Cass.
538 1122 754 1164 XXXVII,
780 1124 837 1155 36.
873 1119 915 1155 Ὁ
941 1120 1009 1166 γὰρ
1035 1123 1191 1163 Καῖσαρ,
1217 1132 1367 1154 παντων
1393 1126 1465 1154 τῶν
1490 1119 1562 1162 πρὸ

222 1170 336 1204 αὐτοῦ
367 1167 637 1214 ψηφισαμένων
670 1168 882 1203 ἀποθανεῖν
914 1179 1026 1212 σφας,
1059 1168 1207 1213 γνώμην
1239 1166 1351 1201 ἔδωκε
1384 1165 1494 1212 δῆσαί
1525 1179 1564 1201 τε

222 1217 356 1256 αὐτους
379 1217 443 1251 καὶ
469 1216 505 1256 ἐς
529 1215 653 1256 πόλεις
678 1215 808 1255 ἀλλους
834 1215 922 1273 ἀλλη
946 1214 1195 1258 καταθέσθαι,
1221 1220 1293 1249 τῶν
1313 1215 1448 1249 ουσιῶν
1468 1213 1563 1248 ἐστε-

221 1262 416 1308 ρημένους,
443 1263 503 1298 ἐπὶ
528 1266 577 1310 τῷ
607 1262 693 1308 μήτε
719 1264 802 1307 περὶ
828 1251 957 1302 ἀδειας
983 1262 1033 1296 ἔτι
1059 1263 1180 1297 αὐτῶν
1206 1260 1505 1319 χρηματισθῆναί
1529 1259 1563 1295 τί

219 1323 326 1355 ποτε,
358 1325 429 1346 καν
461 1312 598 1358 διαδρᾷ
629 1324 700 1354 τις,
733 1310 772 1345 έν
797 1308 979 1354 πολεμιων
1006 1309 1115 1357 μοίρα
1141 1309 1207 1354 τὴν
1233 1307 1352 1352 πόλιν,
1385 1308 1422 1350 ἐξ
1447 1311 1491 1351 ὴς
1516 1307 1563 1343 ἂν

221 1359 272 1403 φύ
298 1373 337 1405 ῃ,
364 1355 472 1393 εἶναι.

275 1373 294 1404 y
318 1406 482 1450 Appian.
517 1405 608 1440 Bell.
644 1405 717 1439 Ciu.
744 1405 801 1446 II,
833 1407 865 1439 6
911 1403 953 1439 O
991 1402 1123 1448 Νέρων
1162 1401 1328 1438 ἐδικαίου
1367 1402 1565 1447 φυλάττειν

222 1453 356 1492 αὐτους
392 1451 497 1497 μέχρι
535 1451 737 1487 Κατιλίναν
775 1449 916 1493 ἐξέλωσι
954 1450 1097 1510 πολέμῳ
1138 1452 1200 1485 καὶ
1237 1450 1282 1485 τὰ
1320 1448 1563 1496 ἀκριβέστατα

222 1499 383 1543 μάθωσι,
405 1498 519 1539 Γάιός
543 1512 581 1534 τε
601 1502 774 1542 Καῖσαρ
799 1497 1064 1542 ..προσετίθει
1092 1496 1298 1533 διαθέσθαι
1316 1511 1403 1537 τους
1422 1497 1564 1541 ἄνδρας

222 1545 416 1590 Κικέρωνα
442 1552 507 1591 τῆς
526 1545 684 1586 Ἰταλίας
709 1546 749 1581 ἐν
774 1528 921 1581 πόλεσιν
947 1544 1006 1586 αἷς
1031 1560 1078 1581 αν
1105 1545 1216 1585 αὐτὸς
1240 1544 1433 1591 δοκιμασῃ
1460 1543 1564 1590 μέχρι

222 1592 402 1629 Κατιλίνα
427 1592 796 1638 καταπολεμηθέντος
821 1593 857 1633 ἐς
877 1592 1113 1637 δικαστήριον
1132 1594 1340 1651 ὑπαχθῶσι,
1366 1593 1429 1626 καὶ
1448 1591 1564 1636 μηδὲν

222 1641 423 1684 ἀνήκεστον
437 1640 474 1680 ἐς
484 1641 625 1685 ἄνδρας
635 1640 860 1684 ἐπιφανεῖς
844 1654 864 1686 ῃ
879 1640 949 1684 πρὸ
964 1639 1074 1685 λόγου
1087 1641 1151 1675 καὶ
1161 1638 1267 1684 δίκης
1278 1637 1563 1684 ἐξειργασμένος.

318 1689 354 1723 G.
387 1689 509 1723 Iulius
540 1688 662 1723 Victor
692 1689 765 1722 Ars
796 1688 898 1722 Rhet.
925 1689 1011 1730 III,
1037 1690 1059 1722 5
1098 1687 1228 1731 (Schol.
1264 1687 1335 1721 Cic.
1368 1687 1420 1721 ed.
1457 1686 1562 1721 Orell.

217 1747 254 1779 p.
278 1738 363 1770 202.
402 1736 503 1770 Rhet.
530 1735 616 1770 Lat.
645 1735 742 1769 Min.
770 1736 821 1769 ecl.
848 1735 963 1769 Halm
989 1746 1027 1779 p.
1056 1738 1155 1778 379).
1209 1734 1457 1779 Quaecumque
1481 1745 1563 1768 con-

221 1784 394 1817 troversia
424 1787 587 1817 versatur
617 1783 659 1816 in
690 1783 935 1817 aestimatione
968 1783 1043 1817 litis
1069 1810 1076 1816 .
1099 1810 1105 1816 .
1130 1811 1135 1816 .
1163 1793 1204 1816 ea
1235 1782 1333 1816 cadit
1363 1782 1405 1815 in
1429 1785 1564 1816 statum

221 1831 431 1875 negotialem
439 1844 451 1872 ,·
475 1831 568 1864 sicut
592 1831 699 1864 ctiam
724 1830 766 1864 dc
792 1830 1038 1864 aestimatione
1064 1830 1138 1864 litis
1158 1833 1222 1864 aut
1241 1830 1284 1863 de
1302 1829 1405 1863 modo
1425 1839 1564 1873 poenae

221 1878 467 1912 constituendo
492 1878 550 1919 iis,
576 1888 727 1920 quorum
751 1877 793 1910 de
818 1877 927 1920 culpa
952 1877 1027 1910 iam
1050 1877 1331 1921 pronuntiatum
1355 1880 1416 1918 est,
1441 1876 1563 1920 quales

221 1928 306 1959 sunt
329 1924 424 1958 duae
449 1925 627 1958 orationes
652 1923 800 1958 Catonis
824 1928 856 1958 et
883 1924 1049 1958 Caesaris
1074 1924 1116 1958 de
1136 1935 1256 1968 poena
1281 1924 1561 1958 coniuratorum.

225 2046 472 2085 Orationes
509 2048 557 2084 in
586 2047 851 2084 Memmium
883 2050 922 2084 et
951 2047 999 2084 L.
1032 2047 1287 2084 Domitium
1315 2049 1564 2094 praetores

621 2123 655 2148 a.
681 2123 718 2148 u.
746 2122 773 2148 c.
800 2110 1161 2149 DCLXXXXVI.

318 2186 461 2222 Sueton.
484 2187 581 2222 Caes.
601 2189 660 2221 23.
701 2187 869 2222 Functus
895 2188 1096 2230 consulatu,
1125 2187 1219 2222 Gaio
1240 2188 1411 2223 Memmio
1429 2187 1564 2222 Lucio-

224 2245 290 2278 que
321 2234 485 2269 Domitio
511 2235 742 2278 praetoribus
773 2235 816 2268 de
846 2235 1043 2278 superioris
1075 2236 1167 2269 anni
1197 2235 1287 2270 actis
1317 2235 1565 2277 referentibus,

222 2282 459 2326 coynitionem
489 2282 633 2316 senatui
663 2282 789 2316 detulit
797 2295 810 2324 ,·
841 2293 904 2316 nec
934 2282 998 2316 illo
1034 2283 1248 2326 suscipiente
1285 2283 1474 2326 triduoque
1497 2293 1564 2326 per

222 2329 354 2363 inritas
380 2329 628 2363 altercationes
653 2329 839 2372 absumpto
864 2329 905 2363 in
924 2329 1153 2373 provinciam
1178 2330 1277 2364 abiit.

1650 2019 1655 2210 ἲ

1652 2239 1656 2443 ξ

1653 2491 1660 2574 ι
