1669 2574
271 92 326 132 26
627 91 822 126 BELLUM
848 91 1249 126 ALEXANDRINUM.

223 198 245 228 4
272 188 428 228 struxit
460 202 534 228 suo
561 201 677 227 more
697 189 823 240 atque
855 187 1061 228 instituto.
1123 187 1172 229 In
1202 188 1340 228 fronte
1366 187 1478 228 enim
1503 187 1594 228 sim-

222 2325 239 2354 1

271 252 371 305 plici
404 252 569 292 derecta
606 251 693 291 acie
726 265 882 291 cornua
919 251 1043 292 trinis
1074 251 1351 293 firmabantur
1383 251 1598 305 subsidiis3
1654 261 1655 274 ¹

272 316 415 356 eadem
453 317 616 356 ratione
655 315 757 356 haec
793 316 931 356 media
970 316 1282 357 collocabantur
1319 316 1405 357 acie
1436 315 1599 356 duobus
1654 323 1655 354 i

273 380 419 421 dextra
451 380 705 434 sinistraque
737 380 971 420 intervallis
1003 381 1265 435 simplicibus
1297 380 1514 421 ordinibus
1541 380 1591 420 in·
1646 369 1647 373 Ἰ

272 444 454 485 structis.
516 443 699 485 Perfecit
736 444 950 498 inceptum
985 447 1217 486 castrorum
1249 459 1354 499 opus
1385 443 1600 485 Domitius
1654 438 1655 441 ¹

271 511 389 562 parte
423 508 640 561 copiarum
671 523 747 562 pro
779 508 890 549 vallo
923 509 1164 550 constituta.
1657 547 1660 559 A

359 571 599 613 XXXVIII.
631 572 831 613 Proxima
862 575 984 613 nocte
1009 572 1245 614 Pharnaces
1272 573 1516 627 interceptis
1542 575 1598 613 ta-
1657 570 1659 618 J

272 637 476 692 bellariis,
508 638 581 692 qui
614 637 662 678 de
694 636 991 678 AIexandrinis
1023 637 1148 678 rebus
1180 637 1343 679 litteras
1376 637 1428 678 ad
1457 637 1600 678 Domi-

270 702 378 742 tium
410 701 619 756 ferebant,
651 702 868 756 cognoscit
900 700 1119 742 Caesarem
1154 715 1306 756 magno
1339 702 1382 742 in
1414 701 1600 756 periculo
1657 695 1660 739 ἶ

270 766 429 806 versari
459 766 726 820 fiagitarique
753 766 804 806 ab
830 765 1032 819 Domitio,
1064 768 1112 806 ut
1137 780 1262 819 quam
1293 766 1477 819 primum
1504 764 1601 806 Cae-

270 831 354 871 sari
399 831 586 872 subsidia
627 832 816 872 mitteret
864 831 1123 885 propiusque
1168 830 1257 883 ipse
1301 829 1601 871 Alexandriam

270 909 345 948 per
377 894 543 949 Syriam
576 896 800 937 accederet.
863 895 954 944 Qua
985 895 1156 949 cognita
1186 909 1230 935 re
1258 893 1494 935 Pharnaces
1519 894 1602 935 vic-

270 960 402 1000 toriae
440 960 532 1001 loco
572 960 766 1014 ducebat,
810 960 846 1000 si
888 959 1053 1001 trahere
1092 962 1259 1013 tempus
1301 962 1463 1013 posset,
1506 973 1600 1000 cum
1656 1006 1657 1012 ¹

270 1024 567 1065 discedendum
593 1024 783 1066 Domitio
811 1025 1002 1066 celeriter
1032 1026 1211 1078 putaret.
1273 1022 1421 1077 Itaque
1454 1023 1505 1064 ab
1532 1038 1602 1078 op·
1656 1022 1657 1046 ;

269 1088 381 1142 pido,
414 1103 496 1141 qua
526 1088 777 1129 facillimum
809 1104 1021 1131 accessum
1054 1092 1096 1130 et
1128 1088 1429 1142 aequissimum
1460 1088 1512 1129 ad
1544 1088 1600 1129 di·

268 1152 509 1193 micandum
542 1153 670 1195 locum
701 1155 857 1195 nostris
887 1154 1075 1207 videbat,
1110 1154 1246 1194 fossas
1279 1153 1381 1193 duas
1413 1153 1600 1194 derectas
1656 1172 1657 1182 κ

268 1230 353 1257 non
379 1218 440 1258 ita
464 1231 618 1272 magno
649 1218 788 1259 medio
820 1218 1041 1260 intervallo
1071 1217 1217 1259 relicto
1246 1230 1293 1258 1V
1325 1217 1478 1271 pedum
1511 1217 1602 1258 alti·
1656 1208 1657 1218 ¹

268 1282 429 1323 tudinis
455 1282 499 1323 in
525 1297 621 1323 eum
646 1283 785 1324 locum
809 1282 993 1337 deduxit,
1021 1297 1103 1336 quo
1130 1282 1298 1336 longius
1324 1282 1602 1323 constituerat
1656 1282 1657 1290 ¹

270 1360 389 1387 suam
427 1361 511 1387 non
550 1347 778 1400 producere
817 1347 958 1387 aciem.
1026 1345 1143 1387 Inter
1182 1346 1258 1387 has
1296 1346 1432 1387 fossas
1470 1347 1601 1387 aciem
1655 1335 1657 1382 Ϊ

270 1426 435 1465 semper
472 1412 726 1466 instruebat,
764 1412 1000 1465 equitatum
1039 1415 1179 1452 autem
1212 1426 1379 1452 omnem
1412 1411 1462 1451 ab
1501 1411 1600 1452 late-

269 1476 386 1516 ribus
420 1478 538 1516 extra
573 1476 731 1516 fossam
764 1475 1013 1530 collocabat,
1052 1476 1125 1530 qui
1162 1490 1297 1529 neque
1330 1475 1452 1516 aliter
1482 1476 1600 1517 utilis

269 1555 360 1581 esse
391 1542 557 1594 poterat
583 1542 624 1581 et
649 1540 831 1581 multum
857 1554 1031 1580 numero
1057 1539 1244 1581 anteibat
1268 1542 1461 1580 nostrum
1488 1540 1600 1594 equi·
1655 1561 1657 1579 Α

270 1607 416 1645 tatum.

357 1667 619 1710 XXXVIIII.
675 1668 891 1710 Domitius
924 1672 1085 1723 autem,
1118 1683 1213 1710 cum
1245 1667 1433 1710 Caesaris
1464 1670 1599 1724 magis

269 1733 456 1787 periculo
490 1748 615 1788 quam
654 1748 729 1774 suo
762 1737 1115 1787 commoveretur,
1152 1748 1286 1787 neque
1319 1748 1363 1774 se
1393 1736 1487 1775 tuto
1520 1734 1600 1775 dis·
1655 1767 1657 1791 2>

269 1813 486 1839 cessurum
525 1798 818 1852 arbitraretur,
859 1798 895 1839 si
927 1798 1209 1851 condiciones,
1248 1812 1352 1851 quas
1389 1797 1601 1852 reiecerat,

268 1877 414 1903 rursus
448 1862 662 1915 adpeteret
694 1865 766 1903 aut
798 1863 887 1903 sine
921 1877 1046 1903 causa
1078 1862 1319 1916 discederet,
1351 1876 1403 1903 eX
1432 1863 1600 1916 propin-

271 1927 364 1980 quis
397 1927 546 1967 castris
580 1927 622 1967 in
655 1927 786 1967 aciem
818 1927 1049 1968 exercitum
1087 1926 1250 1980 eduxit3
1292 1937 1437 1967 XXXVI
1473 1926 1600 1981 legio-

268 2006 365 2031 nem
397 1991 441 2031 in
474 1991 620 2031 dextro
654 2005 782 2031 cornu
815 1991 1053 2044 collocavit,
1085 1990 1305 2031 Ponticam
1338 1991 1383 2031 in
1415 1991 1601 2044 sinistro,
1652 2025 1654 2028 ,

268 2055 459 2096 Deiotari
502 2054 691 2109 legiones
734 2056 778 2096 in
815 2056 997 2096 mediam
1035 2055 1167 2095 aciem
1205 2054 1403 2107 contulit,
1447 2054 1600 2108 quibus
1654 2098 1656 2101 ,

268 2123 410 2161 tamen
436 2120 785 2174 angustissimum
817 2119 1087 2160 intervallum
1118 2119 1271 2159 frontis
1303 2118 1477 2172 reliquit
1508 2118 1600 2160 reli-

269 2185 363 2238 quis
396 2183 642 2225 cohortibus
680 2184 724 2225 in
762 2184 963 2225 subsidiis
995 2183 1223 2225 collocatis.
1288 2182 1357 2224 Sic
1388 2184 1601 2238 utrimque

269 2250 355 2290 acie
388 2250 595 2290 instructa
625 2263 867 2303 processum
901 2252 964 2290 est
996 2249 1048 2289 ad
1080 2248 1375 2289 dimicandum.

357 2313 529 2354 XXXX.
581 2312 711 2368 Signo
744 2314 821 2354 sub
861 2313 971 2354 idem
1007 2316 1174 2367 tempus
1208 2313 1258 2354 ab
1292 2315 1473 2368 utroque
1504 2313 1601 2355 dato
1654 2321 1656 2326 '
