1669 2574
252 110 308 151 46
610 108 805 143 BELLUM
830 108 1230 143 ALEXANDRINUM.

207 217 224 246 1
339 205 532 247 LXXIII.
589 204 740 245 Caesar
781 218 875 244 cum
915 203 965 244 ab
1006 203 1128 245 hoste
1165 204 1283 245 milia
1319 218 1520 258 passuum
1551 217 1581 245 V

252 273 389 311 castra
426 269 639 323 posuisset
674 267 919 321 videretque
967 282 1037 308 eas
1079 268 1227 322 valles,
1275 268 1428 322 quibus
1465 268 1583 322 regia

251 336 388 374 castra
417 332 702 385 munirentur,
741 331 886 372 eodem
918 331 1141 373 intervallo
1173 347 1249 373 sua
1280 335 1417 373 castra
1446 333 1581 373 muni-

250 400 385 451 turas,
422 397 458 437 si
494 396 620 437 modo
659 410 707 436 ea
742 395 834 436 loca
870 395 1015 437 hostes
1052 396 1213 449 priores
1244 411 1329 437 non
1362 396 1581 451 cepissent,

251 476 356 515 quae
387 460 522 501 multo
548 463 667 501 erant
697 460 895 514 propiora
920 459 1032 514 regis
1059 461 1218 515 castris,
1250 474 1446 515 aggerem
1473 475 1581 501 com-

204 534 223 563 2
249 525 410 579 portari
442 524 560 565 iubet
590 524 703 565 intra
736 524 1005 565 munitiones.
1068 524 1159 573 Quo
1192 525 1383 566 celeriter
1414 525 1580 566 conlato

248 589 443 642 proxima
479 591 601 630 nocte
638 589 786 644 vigilia
824 591 973 642 quarta
1009 588 1248 643 legionibus
1287 589 1482 630 omnibus
1515 605 1580 631 ex-

249 653 403 707 peditis
435 653 831 707 impedimentisque
869 653 912 693 in
945 653 1093 694 castris
1125 653 1282 694 relictis
1318 654 1456 707 prima
1488 653 1581 695 luce

249 732 384 772 neque
422 718 695 771 opinantibus
731 717 927 758 hostibus
966 732 1060 758 eum
1101 718 1240 771 ipsum
1280 718 1420 759 locum
1459 719 1581 772 cepit,

249 782 292 822 in
325 796 407 836 quo
439 781 710 823 Mithridates
743 781 972 823 secundum
1003 781 1211 835 proelium
1243 781 1441 822 adversus
1466 781 1580 822 Tria-

201 856 220 886 3
248 847 358 887 rium
395 847 560 888 fecerat.
622 846 716 888 Hoc
754 861 919 887 omnem
953 848 1263 899 comportatum
1301 859 1498 900 aggerem
1530 861 1581 888 ex

249 910 397 951 castris
409 924 487 963 per
507 910 678 951 servitia
698 911 842 964 aggeri
868 910 1003 964 iussit,
1030 924 1081 950 ne
1109 909 1203 963 quis
1230 910 1281 950 ab
1308 924 1432 964 opere
1457 910 1580 952 miles

250 974 491 1028 discederet,
523 989 619 1015 cum
651 974 787 1028 spatio
820 989 904 1015 non
935 974 1115 1028 amplius
1147 988 1348 1027 passuum
1379 974 1494 1016 mille
1520 976 1580 1016 in-

248 1039 400 1080 tercisa
423 1038 547 1079 vallis
575 1041 712 1079 castra
736 1038 924 1079 hostiurn
953 1038 1157 1079 divideret
1184 1038 1234 1079 ab
1263 1053 1386 1092 opere
1412 1040 1579 1093 incepto

250 1102 438 1144 Caesaris
470 1106 713 1144 castrorum.

203 1179 219 1209 1
334 1166 549 1208 LXXIIII.
604 1167 842 1208 Pharnaces
888 1182 982 1208 cum
1021 1167 1064 1208 id
1101 1170 1271 1221 repente
1314 1167 1451 1221 prima
1487 1168 1579 1210 luce

249 1232 625 1286 animadvertisset,
658 1233 800 1286 copias
832 1246 928 1272 suas
961 1246 1106 1273 omnes
1137 1246 1213 1285 pro
1246 1231 1395 1273 castris
1426 1232 1579 1273 instru-

247 1296 321 1337 xit.
384 1296 496 1345 Quas
540 1296 791 1350 interposita
834 1298 952 1336 tanta
994 1296 1184 1337 locorum
1223 1296 1446 1349 iniquitate
1485 1311 1578 1338 con-

248 1361 468 1401 suetudine
506 1361 643 1415 magis
683 1359 933 1414 pervulgata
973 1359 1148 1399 militari
1190 1360 1385 1401 credebat
1425 1360 1579 1402 instrui

248 1425 400 1467 Caesar
435 1425 503 1467 vel
540 1426 592 1467 ad
630 1440 735 1480 opus
775 1439 897 1465 suum
939 1424 1208 1478 tardandum,
1246 1439 1329 1478 quo
1360 1424 1503 1478 plures
1535 1426 1579 1466 in

248 1490 375 1531 armis
406 1493 661 1545 tenerentur,
691 1489 760 1530 vel
789 1489 840 1529 ad
866 1488 1193 1529 ostentationem
1219 1489 1358 1543 regiae
1389 1489 1578 1544 fiduciae,

247 1569 298 1595 ne
323 1555 558 1596 munitione
584 1554 720 1609 magis
742 1568 867 1608 quam
892 1568 1019 1593 manu
1041 1553 1260 1594 defendere
1285 1553 1425 1594 locum
1449 1553 1578 1595 Phar—

201 1629 220 1659 2
247 1633 369 1660 naces
394 1619 618 1660 videretur.
674 1617 823 1672 Itaque
850 1617 1074 1658 deterritus
1105 1632 1190 1658 non
1222 1620 1297 1671 est,
1329 1632 1412 1671 quo
1438 1618 1577 1659 minus

245 1682 382 1736 prima
419 1682 505 1724 acie
542 1697 619 1736 pro
651 1681 763 1723 vallo
803 1682 1010 1722 instructa
1040 1681 1204 1736 reliqua
1239 1696 1336 1735 pars
1369 1682 1577 1723 exercitus

200 1758 220 1787 3
248 1761 352 1800 opus
378 1746 544 1788 faceret.
589 1746 649 1787 At
667 1746 906 1787 Pharnaces
927 1745 1135 1799 impulsus
1162 1745 1249 1786 sive
1274 1745 1357 1787 loci
1375 1745 1576 1788 felicitate

247 1811 334 1851 sive
367 1811 565 1865 auspiciis
598 1814 640 1852 et
670 1811 947 1865 religionibus
979 1810 1197 1864 inductus,
1233 1809 1386 1863 quibus
1419 1809 1577 1851 obtem-

246 1889 413 1929 perasse
439 1890 534 1916 eum
566 1878 714 1929 postea
740 1875 1025 1928 audiebamus,
1058 1874 1144 1915 sive
1176 1874 1389 1928 paucitate
1414 1877 1576 1915 nostro-

246 1954 356 1993 rum,
389 1939 461 1994 qui
493 1940 537 1980 in
569 1940 696 1980 armis
730 1942 866 1994 erant,
899 1941 1129 1992 comperta,
1165 1953 1259 1979 cum
1290 1953 1406 1979 more
1439 1939 1576 1992 operis

247 2003 447 2045 cotidiani
477 2018 675 2058 magnam
707 2004 824 2044 illam
857 2017 1075 2044 servorum
1105 2002 1435 2056 multitudinem,
1471 2017 1576 2056 quae

247 2082 444 2123 aggerem
475 2068 683 2122 portabat,
714 2068 898 2108 militum
931 2082 1020 2108 esse
1048 2067 1304 2121 credidisset,
1336 2067 1422 2108 sive
1449 2067 1575 2107 etiam

246 2132 401 2172 fiducia
419 2132 605 2173 veterani
626 2132 833 2173 exercitus
854 2132 931 2185 sui,
964 2145 1087 2185 quem
1113 2131 1178 2171 bis
1205 2133 1248 2172 et
1266 2131 1394 2171 vicies
1419 2131 1463 2171 in
1489 2132 1575 2172 acie

249 2196 487 2237 conflixisse
529 2199 571 2238 et
607 2196 757 2237 vicisse
800 2195 930 2250 legati
972 2195 1061 2236 eius
1104 2195 1411 2249 gloriabantur,
1449 2195 1576 2235 simul

248 2263 493 2314 contemptu
514 2260 723 2302 exercitus
742 2260 888 2313 nostri,
921 2273 1044 2313 quem
1071 2259 1240 2313 pulsum
1267 2274 1291 2299 a
1316 2274 1359 2300 se
1384 2258 1574 2300 Domitio

230 2316 351 2365 *duce
391 2324 566 2379 sciebat,
610 2324 715 2365 inito
760 2323 935 2364 consilio
981 2323 1205 2364 dimicandi
1247 2323 1494 2364 descendere
1532 2324 1576 2364 in
