1638 2600
442 105 450 113 ‘
488 104 588 140 CAP.
608 105 963 141 LXXIII—LXXVI.
1341 106 1395 146 47

64 203 332 257 praeruptam
369 200 524 242 vallem
568 201 716 256 coepit.
780 200 908 243 Cuius
950 201 1208 257 aliquamdiu
1247 200 1398 242 Caesar
1423 213 1445 242 4

64 265 274 308 inridebat
317 264 484 305 inanem
526 266 854 307 ostentationem
899 269 941 307 et
984 281 1032 308 eo
1075 266 1168 308 1000
1211 265 1397 306 militum

65 329 379 383 coartationem,
411 344 536 383 quem
568 330 611 371 in
644 330 785 371 locum
816 345 939 371 nemo
966 345 1093 372 sanus
1124 330 1260 372 hostis
1287 329 1397 370 subi-

64 397 185 436 turus
211 395 339 434 esset:
371 407 466 434 cum
498 394 669 435 interim
694 393 932 436 Pharnaces
959 395 1105 436 eodem
1138 394 1282 450 gradu,
1314 408 1397 448 quo

65 459 108 500 in
138 460 408 512 praeruptam
442 458 713 499 descenderat
744 458 909 512 vallem,
945 459 1167 501 ascendere
1199 459 1397 500 adversus

66 523 242 564 arduum
275 522 426 563 collem
458 523 676 564 instructis
708 522 840 576 copiis
872 523 1021 577 coepit.

152 585 321 627 LXXV.
379 585 531 627 Caesar
568 586 804 628 incredibili
835 586 925 628 eius
956 587 1024 628 vel
1061 588 1299 629 temeritate
1331 586 1398 628 vel
1425 597 1442 627 1

64 652 219 694 fiducia
250 653 487 692 commotus
518 666 653 705 neque
680 651 855 706 opinans
887 652 1203 707 imparatusque
1230 666 1398 706 oppres-

66 731 136 758 sus
168 715 315 757 eodem
346 718 536 769 tempore
567 715 725 756 milites
751 715 802 756 ab
829 729 953 769 opere
983 719 1162 770 revocat,
1194 731 1310 757 arma
1335 730 1398 757 ca-

64 796 162 836 pere
195 781 330 834 iubet,
367 780 556 835 legiones
589 779 764 834 opponit
801 780 1016 835 aciemque
1048 781 1238 835 instruit3
1279 780 1397 822 cuius

64 846 125 887 rei
157 845 298 886 subita
329 844 556 898 trepidatio
588 858 788 899 magnum
817 846 1022 886 terrorem
1054 844 1199 886 attulit
1228 844 1397 885 nostris.

63 910 267 953 Nondum
293 910 512 951 ordinibus
544 909 763 950 instructis
794 908 970 951 falcatae
1001 910 1141 964 regiae
1169 908 1396 964 quadrigae
1423 919 1443 949 2

64 975 299 1030 permixtos
342 974 501 1015 milites
550 974 824 1028 perturbant3
874 989 980 1028 quae
1023 977 1165 1015 tamen
1208 973 1399 1015 celeriter

65 1039 338 1081 multitudine
358 1038 540 1080 telorum
561 1039 868 1092 opprimuntur.
917 1037 1162 1093 Insequitur
1185 1037 1262 1079 has
1289 1037 1397 1079 acies
1424 1048 1444 1078 3

64 1104 272 1157 hostium,
310 1106 352 1144 et
384 1103 566 1144 clamore
598 1102 765 1144 sublato
797 1103 1040 1158 confligitur
1070 1102 1254 1144 multum
1286 1102 1398 1143 adiu-

65 1171 190 1210 vante
221 1170 373 1209 natura
402 1167 497 1222 1001,
528 1167 759 1221 plurimum
791 1167 965 1208 deorum
996 1167 1300 1209 immortalium
1331 1167 1399 1208 be-

66 1233 292 1288 nignitate3
324 1232 396 1286 qui
428 1246 524 1273 cum
556 1231 751 1272 omnibus
784 1231 950 1273 casibus
981 1231 1145 1273 bellicis
1177 1232 1400 1285 intersunt,

65 1300 157 1338 tum
188 1296 412 1350 praecipue
438 1295 511 1349 018,
543 1295 697 1350 quibus
723 1295 832 1336 nihil
856 1296 1020 1337 ratione
1052 1296 1195 1350 potuit
1226 1296 1399 1337 admini-

67 1361 202 1403 strari.

152 1423 344 1467 LXXVI.
381 1423 539 1479 Magno
566 1427 692 1479 atque
724 1424 809 1465 acri
840 1423 1001 1478 proelio
1027 1425 1263 1466 comminus
1287 1424 1399 1465 facto
1428 1435 1444 1464 1

68 1490 214 1532 dextro
247 1503 394 1543 cornu,
427 1503 510 1543 quo
536 1491 735 1530 veterana
764 1488 878 1544 legio
911 1491 1031 1530 sexta
1062 1492 1152 1530 erat
1184 1488 1399 1543 collocata,

66 1554 237 1596 initium
261 1553 463 1595 victoriae
494 1555 642 1594 natum
668 1555 742 1595 est.
803 1553 872 1594 Ab
899 1568 947 1594 ea
971 1555 1091 1607 parte
1117 1567 1213 1595 cum
1238 1553 1283 1594 in
1307 1568 1400 1607 pro-

67 1618 165 1661 clivi
208 1617 531 1659 detruderentur
566 1616 729 1672 hostes,
770 1618 906 1659 multo
937 1618 1118 1672 tardius,
1156 1617 1229 1659 sed
1259 1620 1402 1659 tamen

68 1683 225 1725 eisdem
256 1681 338 1723 diis
369 1681 668 1723 adiuvantibus
700 1682 873 1724 sinistro
900 1697 1030 1724 cornu
1061 1682 1282 1737 mediaque
1315 1682 1401 1723 acie

67 1750 182 1789 totae
229 1746 511 1801 profligantur
554 1747 698 1801 copiae
741 1747 864 1802 regis.
945 1746 1059 1796 Quae
1104 1761 1231 1802 quarn
1279 1746 1401 1788 facile

68 1812 284 1854 subierant
320 1811 514 1866 iniquum
545 1810 704 1865 locum,
741 1814 830 1852 tam
863 1810 1054 1852 celeriter
1091 1811 1225 1866 gradu
1255 1810 1402 1865 pulsae

67 1876 366 1931 premebantur
401 1875 485 1917 loci
523 1875 760 1930 iniquitate.
822 1874 972 1930 Itaque
1009 1875 1157 1916 multis
1192 1875 1402 1916 militibus

67 1940 222 1995 partim
254 1940 487 1982 interfectis
518 1940 675 1995 partim
708 1955 881 1982 suorum
913 1940 1036 1981 ruina
1067 1939 1298 1994 oppressis,
1330 1940 1403 1993 qui

67 2005 290 2046 velocitate
316 2005 500 2060 effugere
531 2007 740 2059 poterant,
772 2005 899 2046 armis
924 2007 1068 2046 tamen
1092 2003 1293 2058 proiectis
1318 2003 1402 2044 val-

67 2069 151 2111 lem
176 2070 430 2124 transgressi
455 2069 564 2110 nihil
589 2084 641 2111 ex
665 2069 758 2111 loco
786 2069 1003 2124 superiore
1028 2068 1180 2110 inermi
1199 2068 1402 2122 proficere

68 2136 273 2188 poterant.
316 2133 377 2175 At
401 2135 537 2176 nostri
555 2134 735 2175 victoria
760 2134 861 2176 elati
881 2134 1022 2176 subire
1042 2133 1236 2187 iniquum
1261 2131 1401 2172 locum
1428 2141 1447 2172 3

69 2199 412 2254 munitionesque
445 2199 618 2254 adgredi
648 2214 735 2240 non
766 2199 1024 2240 dubitarunt.
1068 2196 1402 2238 Defendentibus

70 2265 211 2304 autem
242 2263 294 2304 iis
326 2262 572 2305 cohortibus
605 2266 754 2318 castra,
789 2277 892 2318 quas
923 2262 1161 2304 Pharnaces
1192 2260 1401 2314 praesidio

69 2326 308 2382 reliquerat,
339 2326 529 2368 celeriter
555 2328 704 2369 castris
734 2327 926 2369 hostium
959 2329 1058 2367 sunt
1088 2325 1226 2380 potiti.
1270 2323 1401 2365 Inter·
1427 2335 1449 2365 4

1428 1758 1448 1788 10
