1669 2574
222 102 280 142 44
574 99 769 134 BELLUM
793 98 1194 133 ALEXANDRINUM.

222 197 411 252 hospites
451 199 576 250 atque
609 195 732 235 amici
763 194 954 235 Deiotari
992 194 1044 234 ad
1078 193 1383 248 deprecandum
1415 217 1472 223 --
1504 193 1554 234 de

224 260 521 303 controversiis
559 258 864 300 tetrarcharum
899 260 1047 311 postea
1077 272 1120 298 se
1158 257 1426 312 cogniturum
1464 271 1554 297 esse

177 337 196 367 2
225 326 348 379 dixit,
388 324 551 378 regium
583 323 785 364 vestitum
817 323 855 363 ei
892 322 1090 363 restituit.
1150 321 1381 376 Legionem
1414 323 1553 361 autem

224 405 327 443 eam,
359 402 485 443 quam
517 402 568 428 ex
600 401 750 442 genere
780 386 936 428 civium
968 399 1140 426 suorum
1165 385 1392 426 Deiotarus
1423 399 1554 424 arma-

223 456 319 494 tura
350 451 655 506 disciplinaque
687 454 833 492 nostra
864 450 1140 491 constitutam
1170 449 1366 503 habebat,
1396 449 1554 502 equita-

223 520 399 571 tumque
437 530 604 557 omnem
642 516 694 557 ad
723 515 882 556 bellum
923 514 1151 569 gerendum
1184 514 1386 554 adducere
1418 513 1555 554 iussit.

179 594 195 624 1
311 579 529 621 LXVIIII.
562 579 667 621 Cum
687 580 732 621 in
750 579 936 621 Pontum
955 577 1140 619 venisset
1165 577 1390 631 copiasque
1411 591 1555 618 omnes

224 644 267 685 in
304 659 436 685 unum
472 643 614 684 locum
652 643 875 697 coegisset,
920 656 1025 696 quae
1063 655 1237 682 numero
1277 644 1402 695 atque
1443 655 1556 682 exer-

225 709 425 750 citatione
461 707 670 749 bellorum
707 707 939 748 mediocres
980 708 1099 746 erant
1136 730 1193 734 —
1230 709 1404 759 excepta
1444 705 1556 746 enim

223 773 391 827 legione
423 775 553 826 sexta,
586 786 711 825 quam
738 786 879 812 secum
905 770 1138 811 abduxerat
1163 768 1421 810 Alexandria
1446 771 1556 810 vete-

224 853 369 878 ranam
394 836 541 878 multis
567 836 783 876 laboribus
808 836 1092 890 periculisque
1112 834 1302 875 functam
1326 834 1557 888 multisque

224 902 433 943 militibus
465 900 621 955 partim
654 900 904 941 difficultate
935 900 1134 940 itinerum
1162 912 1208 938 ac
1239 898 1557 952 navigationum

224 967 380 1021 partim
412 965 636 1006 crebritate
667 964 876 1005 bellorum
908 965 1010 1005 adeo
1038 963 1310 1016 deminutam,
1339 965 1388 1003 ut
1417 962 1559 1003 minus

225 1029 339 1070 mille
364 1028 610 1069 hominibus
642 1027 686 1068 in
712 1042 760 1068 ea
791 1031 913 1083 esset,
944 1028 1131 1082 reliquae
1163 1030 1282 1068 erant
1313 1029 1399 1067 tres
1429 1027 1558 1081 legio-

225 1108 311 1147 nes,
342 1107 427 1134 una
456 1091 660 1145 Deiotari,
694 1092 810 1145 duae,
842 1107 947 1146 quae
980 1093 1024 1133 in
1057 1107 1104 1133 eo
1136 1091 1309 1145 proelio,
1341 1090 1454 1145 quod
1486 1090 1558 1131 Cn.

224 1157 463 1199 Domitium
487 1156 637 1197 fecisse
663 1170 759 1197 cum
783 1155 999 1197 Pharnace
1025 1155 1285 1209 scripsimus,
1314 1154 1483 1195 fuerant
1502 1179 1560 1183 —

178 1237 198 1267 2
225 1223 355 1277 legati
388 1236 412 1262 a
442 1221 657 1262 Pharnace
688 1220 809 1261 missi
836 1219 1055 1262 Caesarem
1087 1220 1243 1260 adeunt
1275 1221 1400 1273 atque
1431 1219 1558 1272 inpri-

225 1288 305 1328 mis
338 1288 632 1340 deprecantur,
669 1300 721 1326 ne
754 1285 843 1326 eius
875 1284 1079 1326 adventus
1110 1283 1280 1325 hostilis
1313 1286 1440 1324 esset:
1477 1283 1559 1324 fac-

225 1355 368 1393 turum
406 1351 518 1392 enim
557 1350 698 1391 omnia
728 1349 990 1402 Pharnacen,
1032 1362 1137 1402 quae
1169 1347 1374 1400 imperata
1406 1350 1559 1388 essent.

179 1429 198 1459 3
225 1416 493 1469 Maximeque
531 1413 916 1455 commemorabant
959 1412 1076 1453 nulla
1111 1410 1357 1452 Pharnacen
1403 1411 1561 1452 auxilia

226 1484 372 1522 contra
392 1478 612 1520 Caesarem
631 1478 833 1532 Pompeio
861 1477 958 1518 dare
983 1476 1180 1529 voluisse,
1207 1490 1301 1516 cum
1321 1475 1561 1530 Deiotarus,

227 1545 298 1599 qui
332 1544 528 1597 dedisset,
558 1546 700 1584 tamen
734 1543 771 1583 ei
803 1542 1090 1584 satisfecisset.

180 1622 198 1652 1
314 1608 440 1649 LXX.
483 1607 634 1648 Caesar
659 1607 877 1661 respondit
908 1621 951 1648 se
982 1606 1072 1647 fore
1104 1604 1406 1658 aequissimum
1432 1604 1560 1645 Phar-

179 1687 199 1718 2
225 1674 331 1727 naci,
363 1673 410 1727 si,
443 1687 549 1726 quae
580 1672 864 1726 polliceretur,
896 1672 1287 1725 repraesentaturus
1314 1671 1433 1709 esset.
1472 1667 1559 1710 Mo-

226 1738 320 1778 nuit
351 1740 503 1791 autem,
534 1739 582 1777 ut
614 1736 789 1790 solebat,
819 1735 996 1777 mitibus
1027 1734 1168 1775 verbis
1199 1733 1374 1788 legatOS,
1404 1748 1456 1774 ne
1489 1737 1561 1775 aut

225 1802 474 1843 Deiotarum
519 1801 601 1842 sibi
646 1800 860 1842 obicerent
911 1802 984 1840 aut
1023 1798 1149 1839 nimis
1189 1812 1236 1839 eo
1279 1798 1564 1852 gloriarentur

180 1879 200 1909 3
226 1866 442 1919 beneficio,
475 1865 588 1919 quod
620 1865 777 1905 auxilia
807 1864 1011 1918 Pompeio
1043 1878 1128 1904 non
1162 1862 1387 1903 misissent.
1449 1861 1561 1904 Nam

228 1945 272 1972 se
302 1944 438 1984 neque
476 1929 679 1970 libentius
714 1929 850 1970 facere
883 1929 1109 1982 quicquam
1142 1941 1267 1980 quam
1300 1926 1561 1980 supplicibus

228 1995 445 2049 ignoscere
495 2008 630 2047 neque
667 1993 980 2046 provinciarum
1016 1990 1207 2045 publicas
1246 1990 1423 2031 iniurias
1467 2005 1562 2031 con-

179 2073 201 2102 4
229 2060 382 2100 donare
426 2058 478 2099 iis
518 2072 661 2112 posse,
706 2057 777 2111 qui
816 2057 996 2097 fuissent
1034 2055 1077 2095 in
1115 2069 1158 2094 se
1197 2054 1387 2095 officiosi.
1451 2053 1562 2103 Quin

228 2124 270 2164 id
302 2124 454 2177 ipsum,
486 2122 598 2176 quod
624 2122 1012 2173 commemorarent,
1045 2118 1232 2160 officium
1257 2118 1387 2159 fuisse
1414 2119 1563 2159 utilius

228 2187 454 2241 Pharnaci,
499 2187 571 2240 qui
608 2185 880 2240 providisset,
923 2199 974 2225 ne
1012 2183 1268 2236 vinceretur,
1307 2197 1432 2236 quam
1471 2183 1563 2237 sibi,

184 2264 202 2293 5
231 2253 297 2293 cui
343 2252 400 2292 dii
445 2250 706 2292 immortales
746 2250 966 2290 victoriam
1007 2248 1267 2288 tribuissent.
1330 2246 1478 2301 Itaque
1519 2262 1563 2288 se

230 2330 403 2370 magnas
437 2318 478 2356 et
511 2328 659 2370 graves
690 2314 865 2355 iniurias
898 2314 1053 2354 civium
1085 2311 1385 2366 Romanorum,
1418 2311 1490 2365 qui
1520 2311 1563 2351 in
