<?xml version="1.0" encoding="UTF-8"?>
<!DOCTYPE html PUBLIC "-//W3C//DTD XHTML 1.0 Transitional//EN"
    "http://www.w3.org/TR/xhtml1/DTD/xhtml1-transitional.dtd">
<html xmlns="http://www.w3.org/1999/xhtml" xml:lang="en" lang="en">
 <head>
  <title>
</title>
<meta http-equiv="Content-Type" content="text/html;charset=utf-8" />
  <meta name='ocr-system' content='tesseract 3.04.00' />
  <meta name='ocr-capabilities' content='ocr_page ocr_carea ocr_par ocr_line ocrx_word'/>
</head>
<body>
  <div class='ocr_page' id='page_1' title='image "./commentarii03caesuoft_0070.png"; bbox 0 0 1669 2574; ppageno 0'>
   <div class='ocr_carea' id='block_1_1' title="bbox 282 124 1256 166">
    <p class='ocr_par' dir='ltr' id='par_1_1' title="bbox 282 124 1256 166">
     <span class='ocr_line' id='line_1_1' title="bbox 282 124 1256 166; baseline -0.008 0"><span class='ocrx_word' id='word_1_1' title='bbox 282 127 337 166; x_wconf 71' lang='grc'>22</span> <span class='ocrx_word' id='word_1_2' title='bbox 639 125 833 159; x_wconf 89' lang='lat' dir='ltr'>BELLUM</span> <span class='ocrx_word' id='word_1_3' title='bbox 858 124 1256 160; x_wconf 80' lang='lat' dir='ltr'>ALEXANDRINUM.</span> 
     </span>
    </p>
   </div>
   <div class='ocr_carea' id='block_1_2' title="bbox 230 219 1669 2126">
    <p class='ocr_par' dir='ltr' id='par_1_2' title="bbox 230 219 1669 2126">
     <span class='ocr_line' id='line_1_2' title="bbox 280 219 1669 274; baseline -0.002 -12"><span class='ocrx_word' id='word_1_4' title='bbox 280 225 464 263; x_wconf 88' lang='lat' dir='ltr'>strorum</span> <span class='ocrx_word' id='word_1_5' title='bbox 492 221 621 261; x_wconf 85' lang='lat' dir='ltr'>animi</span> <span class='ocrx_word' id='word_1_6' title='bbox 647 220 749 261; x_wconf 87' lang='lat' dir='ltr'>adeo</span> <span class='ocrx_word' id='word_1_7' title='bbox 777 222 876 260; x_wconf 86' lang='lat' dir='ltr'>sunt</span> <span class='ocrx_word' id='word_1_8' title='bbox 901 220 1077 274; x_wconf 76' lang='lat' dir='ltr'>incitati,</span> <span class='ocrx_word' id='word_1_9' title='bbox 1108 222 1156 261; x_wconf 83' lang='lat' dir='ltr'>ut</span> <span class='ocrx_word' id='word_1_10' title='bbox 1179 234 1309 274; x_wconf 88' lang='lat' dir='ltr'>paene</span> <span class='ocrx_word' id='word_1_11' title='bbox 1336 219 1481 260; x_wconf 92' lang='lat' dir='ltr'>eodem</span> <span class='ocrx_word' id='word_1_12' title='bbox 1506 221 1608 260; x_wconf 91' lang='lat' dir='ltr'>tem·</span> <span class='ocrx_word' id='word_1_13' title='bbox 1668 239 1669 254; x_wconf 71' lang='lat'>2</span> 
     </span>
     <span class='ocr_line' id='line_1_3' title="bbox 280 282 1609 339; baseline -0.003 -13"><span class='ocrx_word' id='word_1_14' title='bbox 280 300 379 339; x_wconf 89' lang='lat' dir='ltr'>pore</span> <span class='ocrx_word' id='word_1_15' title='bbox 413 300 463 326; x_wconf 75' lang='lat' dir='ltr'>ex</span> <span class='ocrx_word' id='word_1_16' title='bbox 495 285 691 325; x_wconf 88' lang='lat' dir='ltr'>omnibus</span> <span class='ocrx_word' id='word_1_17' title='bbox 724 284 916 338; x_wconf 85' lang='lat' dir='ltr'>partibus</span> <span class='ocrx_word' id='word_1_18' title='bbox 947 284 1119 336; x_wconf 66' lang='lat' dir='ltr'>impetus</span> <span class='ocrx_word' id='word_1_19' title='bbox 1148 285 1273 336; x_wconf 71' lang='lat' dir='ltr'>fieret,</span> <span class='ocrx_word' id='word_1_20' title='bbox 1311 282 1437 337; x_wconf 89' lang='lat' dir='ltr'>primi</span> <span class='ocrx_word' id='word_1_21' title='bbox 1468 285 1609 323; x_wconf 89' lang='lat' dir='ltr'>tamen</span> 
     </span>
     <span class='ocr_line' id='line_1_4' title="bbox 280 347 1608 402; baseline -0.002 -12"><span class='ocrx_word' id='word_1_22' title='bbox 280 350 562 390; x_wconf 87' lang='lat' dir='ltr'>editissimum</span> <span class='ocrx_word' id='word_1_23' title='bbox 593 348 733 389; x_wconf 89' lang='lat' dir='ltr'>locum</span> <span class='ocrx_word' id='word_1_24' title='bbox 760 350 993 389; x_wconf 88' lang='lat' dir='ltr'>castrorum</span> <span class='ocrx_word' id='word_1_25' title='bbox 1026 351 1238 402; x_wconf 81' lang='lat' dir='ltr'>caperent3</span> <span class='ocrx_word' id='word_1_26' title='bbox 1271 362 1320 388; x_wconf 77' lang='lat' dir='ltr'>ex</span> <span class='ocrx_word' id='word_1_27' title='bbox 1353 361 1436 400; x_wconf 88' lang='lat' dir='ltr'>quo</span> <span class='ocrx_word' id='word_1_28' title='bbox 1468 347 1608 387; x_wconf 89' lang='lat' dir='ltr'>decur-</span> 
     </span>
     <span class='ocr_line' id='line_1_5' title="bbox 237 411 1608 467; baseline -0.001 -14"><span class='ocrx_word' id='word_1_29' title='bbox 237 416 240 420; x_wconf 91' lang='lat'>&#39;</span> <span class='ocrx_word' id='word_1_30' title='bbox 279 416 417 453; x_wconf 86' lang='lat' dir='ltr'>rentes</span> <span class='ocrx_word' id='word_1_31' title='bbox 443 426 640 467; x_wconf 86' lang='lat' dir='ltr'>magnam</span> <span class='ocrx_word' id='word_1_32' title='bbox 671 412 988 454; x_wconf 71' lang='lat' dir='ltr'>multitudinem</span> <span class='ocrx_word' id='word_1_33' title='bbox 1019 411 1207 453; x_wconf 89' lang='lat' dir='ltr'>hostium</span> <span class='ocrx_word' id='word_1_34' title='bbox 1233 412 1276 452; x_wconf 91' lang='lat' dir='ltr'>in</span> <span class='ocrx_word' id='word_1_35' title='bbox 1302 411 1451 452; x_wconf 89' lang='lat' dir='ltr'>castris</span> <span class='ocrx_word' id='word_1_36' title='bbox 1484 411 1608 452; x_wconf 91' lang='lat' dir='ltr'>inter—</span> 
     </span>
     <span class='ocr_line' id='line_1_6' title="bbox 232 475 1609 531; baseline -0.001 -14"><span class='ocrx_word' id='word_1_37' title='bbox 232 489 252 518; x_wconf 83' lang='lat'>4</span> <span class='ocrx_word' id='word_1_38' title='bbox 279 477 478 518; x_wconf 86' lang='lat' dir='ltr'>fecerunt.</span> <span class='ocrx_word' id='word_1_39' title='bbox 554 476 676 526; x_wconf 83' lang='lat' dir='ltr'>Quod</span> <span class='ocrx_word' id='word_1_40' title='bbox 719 477 953 531; x_wconf 86' lang='lat' dir='ltr'>periculum</span> <span class='ocrx_word' id='word_1_41' title='bbox 996 476 1186 530; x_wconf 83' lang='lat' dir='ltr'>plerique</span> <span class='ocrx_word' id='word_1_42' title='bbox 1229 475 1506 517; x_wconf 65' lang='lat' dir='ltr'>Alexandrini</span> <span class='ocrx_word' id='word_1_43' title='bbox 1547 475 1609 516; x_wconf 85' lang='lat' dir='ltr'>fu-</span> 
     </span>
     <span class='ocr_line' id='line_1_7' title="bbox 279 540 1610 595; baseline 0 -14"><span class='ocrx_word' id='word_1_44' title='bbox 279 542 442 595; x_wconf 86' lang='lat' dir='ltr'>gientes</span> <span class='ocrx_word' id='word_1_45' title='bbox 481 542 708 583; x_wconf 86' lang='lat' dir='ltr'>acervatim</span> <span class='ocrx_word' id='word_1_46' title='bbox 748 557 790 583; x_wconf 89' lang='lat' dir='ltr'>se</span> <span class='ocrx_word' id='word_1_47' title='bbox 830 541 879 581; x_wconf 90' lang='lat' dir='ltr'>de</span> <span class='ocrx_word' id='word_1_48' title='bbox 917 541 1029 582; x_wconf 85' lang='lat' dir='ltr'>vallo</span> <span class='ocrx_word' id='word_1_49' title='bbox 1070 541 1400 595; x_wconf 75' lang='lat' dir='ltr'>praecipitarunt</span> <span class='ocrx_word' id='word_1_50' title='bbox 1437 540 1481 581; x_wconf 91' lang='lat' dir='ltr'>in</span> <span class='ocrx_word' id='word_1_51' title='bbox 1519 554 1610 581; x_wconf 89' lang='lat' dir='ltr'>eam</span> 
     </span>
     <span class='ocr_line' id='line_1_8' title="bbox 233 604 1610 660; baseline -0.001 -14"><span class='ocrx_word' id='word_1_52' title='bbox 233 618 251 646; x_wconf 99' lang='grc'>5</span> <span class='ocrx_word' id='word_1_53' title='bbox 278 609 452 660; x_wconf 79' lang='lat' dir='ltr'>partem,</span> <span class='ocrx_word' id='word_1_54' title='bbox 485 621 590 660; x_wconf 85' lang='lat' dir='ltr'>quae</span> <span class='ocrx_word' id='word_1_55' title='bbox 616 607 782 648; x_wconf 88' lang='lat' dir='ltr'>flumini</span> <span class='ocrx_word' id='word_1_56' title='bbox 814 608 902 647; x_wconf 88' lang='lat' dir='ltr'>erat</span> <span class='ocrx_word' id='word_1_57' title='bbox 935 606 1140 646; x_wconf 84' lang='lat' dir='ltr'>adiuncta.</span> <span class='ocrx_word' id='word_1_58' title='bbox 1190 604 1355 645; x_wconf 90' lang='lat' dir='ltr'>Horum</span> <span class='ocrx_word' id='word_1_59' title='bbox 1386 604 1534 658; x_wconf 91' lang='lat' dir='ltr'>primis</span> <span class='ocrx_word' id='word_1_60' title='bbox 1566 604 1610 645; x_wconf 89' lang='lat' dir='ltr'>in</span> 
     </span>
     <span class='ocr_line' id='line_1_9' title="bbox 278 668 1610 726; baseline -0.001 -16"><span class='ocrx_word' id='word_1_61' title='bbox 278 670 370 723; x_wconf 91' lang='lat' dir='ltr'>ipsa</span> <span class='ocrx_word' id='word_1_62' title='bbox 399 671 513 711; x_wconf 82' lang='lat' dir='ltr'>fossa</span> <span class='ocrx_word' id='word_1_63' title='bbox 544 671 793 712; x_wconf 88' lang='lat' dir='ltr'>munitionis</span> <span class='ocrx_word' id='word_1_64' title='bbox 825 685 979 726; x_wconf 86' lang='lat' dir='ltr'>magna</span> <span class='ocrx_word' id='word_1_65' title='bbox 1010 671 1131 711; x_wconf 89' lang='lat' dir='ltr'>ruina</span> <span class='ocrx_word' id='word_1_66' title='bbox 1157 670 1368 724; x_wconf 85' lang='lat' dir='ltr'>oppressis</span> <span class='ocrx_word' id='word_1_67' title='bbox 1401 669 1529 710; x_wconf 85' lang='lat' dir='ltr'>ceteri</span> <span class='ocrx_word' id='word_1_68' title='bbox 1552 668 1610 709; x_wconf 86' lang='lat' dir='ltr'>fa-</span> 
     </span>
     <span class='ocr_line' id='line_1_10' title="bbox 233 732 1610 789; baseline -0.002 -13"><span class='ocrx_word' id='word_1_69' title='bbox 233 747 252 776; x_wconf 82' lang='lat'>6</span> <span class='ocrx_word' id='word_1_70' title='bbox 279 734 466 776; x_wconf 89' lang='lat' dir='ltr'>ciliorem</span> <span class='ocrx_word' id='word_1_71' title='bbox 497 735 643 789; x_wconf 86' lang='lat' dir='ltr'>fugam</span> <span class='ocrx_word' id='word_1_72' title='bbox 668 735 919 776; x_wconf 88' lang='lat' dir='ltr'>habuerunt.</span> <span class='ocrx_word' id='word_1_73' title='bbox 979 734 1155 775; x_wconf 82' lang='lat' dir='ltr'>Constat</span> <span class='ocrx_word' id='word_1_74' title='bbox 1185 734 1345 788; x_wconf 82' lang='lat' dir='ltr'>fugisse</span> <span class='ocrx_word' id='word_1_75' title='bbox 1378 748 1430 774; x_wconf 83' lang='lat' dir='ltr'>ex</span> <span class='ocrx_word' id='word_1_76' title='bbox 1461 732 1610 773; x_wconf 88' lang='lat' dir='ltr'>castris</span> 
     </span>
     <span class='ocr_line' id='line_1_11' title="bbox 278 797 1668 853; baseline -0.001 -14"><span class='ocrx_word' id='word_1_77' title='bbox 278 813 419 853; x_wconf 87' lang='lat' dir='ltr'>regem</span> <span class='ocrx_word' id='word_1_78' title='bbox 457 799 597 852; x_wconf 91' lang='lat' dir='ltr'>ipsum</span> <span class='ocrx_word' id='word_1_79' title='bbox 635 802 933 853; x_wconf 88' lang='lat' dir='ltr'>receptumque</span> <span class='ocrx_word' id='word_1_80' title='bbox 974 799 1016 840; x_wconf 92' lang='lat' dir='ltr'>in</span> <span class='ocrx_word' id='word_1_81' title='bbox 1054 813 1203 840; x_wconf 84' lang='lat' dir='ltr'>navem</span> <span class='ocrx_word' id='word_1_82' title='bbox 1240 797 1513 838; x_wconf 86' lang='lat' dir='ltr'>multitudine</span> <span class='ocrx_word' id='word_1_83' title='bbox 1546 811 1610 838; x_wconf 90' lang='lat' dir='ltr'>eo-</span> <span class='ocrx_word' id='word_1_84' title='bbox 1667 799 1668 802; x_wconf 73' lang='grc'>’</span> 
     </span>
     <span class='ocr_line' id='line_1_12' title="bbox 277 862 1610 917; baseline -0.002 -14"><span class='ocrx_word' id='word_1_85' title='bbox 277 877 383 917; x_wconf 84' lang='grc'><strong>111111,</strong></span> <span class='ocrx_word' id='word_1_86' title='bbox 416 863 487 916; x_wconf 89' lang='lat' dir='ltr'>qui</span> <span class='ocrx_word' id='word_1_87' title='bbox 520 863 571 903; x_wconf 90' lang='lat' dir='ltr'>ad</span> <span class='ocrx_word' id='word_1_88' title='bbox 602 863 816 916; x_wconf 84' lang='lat' dir='ltr'>proximas</span> <span class='ocrx_word' id='word_1_89' title='bbox 848 878 974 904; x_wconf 88' lang='lat' dir='ltr'>naves</span> <span class='ocrx_word' id='word_1_90' title='bbox 1007 862 1280 916; x_wconf 78' lang='lat' dir='ltr'>adnatabant,</span> <span class='ocrx_word' id='word_1_91' title='bbox 1319 862 1509 902; x_wconf 87' lang='lat' dir='ltr'>demerso</span> <span class='ocrx_word' id='word_1_92' title='bbox 1541 875 1610 901; x_wconf 85' lang='lat' dir='ltr'>na-</span> 
     </span>
     <span class='ocr_line' id='line_1_13' title="bbox 278 927 1666 981; baseline 0.002 -14"><span class='ocrx_word' id='word_1_93' title='bbox 278 927 392 981; x_wconf 86' lang='lat' dir='ltr'>vigio</span> <span class='ocrx_word' id='word_1_94' title='bbox 426 927 596 980; x_wconf 87' lang='lat' dir='ltr'>perisse.</span> <span class='ocrx_word' id='word_1_95' title='bbox 1665 966 1666 970; x_wconf 72' lang='grc'>,</span> 
     </span>
     <span class='ocr_line' id='line_1_14' title="bbox 233 990 1666 1046; baseline 0 -15"><span class='ocrx_word' id='word_1_96' title='bbox 233 1005 248 1035; x_wconf 88' lang='lat'>1</span> <span class='ocrx_word' id='word_1_97' title='bbox 365 990 541 1031; x_wconf 89' lang='lat' dir='ltr'>XXXII.</span> <span class='ocrx_word' id='word_1_98' title='bbox 597 991 659 1032; x_wconf 79' lang='lat' dir='ltr'>Re</span> <span class='ocrx_word' id='word_1_99' title='bbox 697 992 940 1033; x_wconf 88' lang='lat' dir='ltr'>felicissime</span> <span class='ocrx_word' id='word_1_100' title='bbox 972 992 1271 1046; x_wconf 84' lang='lat' dir='ltr'>celerrimeque</span> <span class='ocrx_word' id='word_1_101' title='bbox 1310 994 1429 1046; x_wconf 86' lang='lat' dir='ltr'>gesta</span> <span class='ocrx_word' id='word_1_102' title='bbox 1461 990 1612 1032; x_wconf 81' lang='lat' dir='ltr'>Caesar</span> <span class='ocrx_word' id='word_1_103' title='bbox 1665 996 1666 999; x_wconf 75' lang='grc'>’</span> 
     </span>
     <span class='ocr_line' id='line_1_15' title="bbox 278 1054 1611 1110; baseline 0.001 -15"><span class='ocrx_word' id='word_1_104' title='bbox 278 1069 430 1110; x_wconf 86' lang='lat' dir='ltr'>magna</span> <span class='ocrx_word' id='word_1_105' title='bbox 461 1055 661 1097; x_wconf 86' lang='lat' dir='ltr'>victoriae</span> <span class='ocrx_word' id='word_1_106' title='bbox 693 1056 848 1097; x_wconf 90' lang='lat' dir='ltr'>fiducia</span> <span class='ocrx_word' id='word_1_107' title='bbox 883 1057 1078 1110; x_wconf 85' lang='lat' dir='ltr'>proximo</span> <span class='ocrx_word' id='word_1_108' title='bbox 1110 1055 1301 1097; x_wconf 85' lang='lat' dir='ltr'>terrestri</span> <span class='ocrx_word' id='word_1_109' title='bbox 1333 1056 1484 1097; x_wconf 88' lang='lat' dir='ltr'>itincre</span> <span class='ocrx_word' id='word_1_110' title='bbox 1515 1054 1611 1096; x_wconf 88' lang='lat' dir='ltr'>Ale-</span> 
     </span>
     <span class='ocr_line' id='line_1_16' title="bbox 278 1120 1664 1175; baseline 0.001 -16"><span class='ocrx_word' id='word_1_111' title='bbox 278 1120 496 1160; x_wconf 79' lang='lat' dir='ltr'>xandriam</span> <span class='ocrx_word' id='word_1_112' title='bbox 529 1134 624 1161; x_wconf 91' lang='lat' dir='ltr'>cum</span> <span class='ocrx_word' id='word_1_113' title='bbox 657 1121 872 1174; x_wconf 89' lang='lat' dir='ltr'>equitibus</span> <span class='ocrx_word' id='word_1_114' title='bbox 905 1120 1122 1162; x_wconf 83' lang='lat' dir='ltr'>contendit</span> <span class='ocrx_word' id='word_1_115' title='bbox 1154 1123 1279 1175; x_wconf 88' lang='lat' dir='ltr'>atque</span> <span class='ocrx_word' id='word_1_116' title='bbox 1312 1135 1360 1162; x_wconf 89' lang='lat' dir='ltr'>ea</span> <span class='ocrx_word' id='word_1_117' title='bbox 1390 1123 1509 1174; x_wconf 89' lang='lat' dir='ltr'>parte</span> <span class='ocrx_word' id='word_1_118' title='bbox 1543 1134 1611 1174; x_wconf 89' lang='lat' dir='ltr'>op·</span> <span class='ocrx_word' id='word_1_119' title='bbox 1663 1136 1664 1173; x_wconf 79' lang='lat'><em>]</em></span> 
     </span>
     <span class='ocr_line' id='line_1_17' title="bbox 278 1179 1650 1239; baseline 0 -14"><span class='ocrx_word' id='word_1_120' title='bbox 278 1185 366 1238; x_wconf 88' lang='lat' dir='ltr'>pidi</span> <span class='ocrx_word' id='word_1_121' title='bbox 397 1185 535 1225; x_wconf 80' lang='lat' dir='ltr'>victor</span> <span class='ocrx_word' id='word_1_122' title='bbox 567 1185 744 1239; x_wconf 78' lang='lat' dir='ltr'>introiit,</span> <span class='ocrx_word' id='word_1_123' title='bbox 780 1200 885 1239; x_wconf 90' lang='lat' dir='ltr'>quae</span> <span class='ocrx_word' id='word_1_124' title='bbox 916 1186 1125 1239; x_wconf 88' lang='lat' dir='ltr'>praesidio</span> <span class='ocrx_word' id='word_1_125' title='bbox 1157 1185 1346 1226; x_wconf 89' lang='lat' dir='ltr'>hostium</span> <span class='ocrx_word' id='word_1_126' title='bbox 1378 1185 1611 1226; x_wconf 87' lang='lat' dir='ltr'>tenebatur.</span> <span class='ocrx_word' id='word_1_127' title='bbox 1645 1179 1650 1185; x_wconf 77' lang='grc'><strong>’</strong></span> 
     </span>
     <span class='ocr_line' id='line_1_18' title="bbox 277 1248 1662 1305; baseline -0.001 -14"><span class='ocrx_word' id='word_1_128' title='bbox 277 1248 426 1303; x_wconf 86' lang='lat' dir='ltr'>Neque</span> <span class='ocrx_word' id='word_1_129' title='bbox 467 1263 562 1289; x_wconf 89' lang='lat' dir='ltr'>eum</span> <span class='ocrx_word' id='word_1_130' title='bbox 601 1249 826 1290; x_wconf 90' lang='lat' dir='ltr'>consilium</span> <span class='ocrx_word' id='word_1_131' title='bbox 865 1264 988 1290; x_wconf 88' lang='lat' dir='ltr'>suum</span> <span class='ocrx_word' id='word_1_132' title='bbox 1026 1249 1196 1303; x_wconf 83' lang='lat' dir='ltr'>fefellit,</span> <span class='ocrx_word' id='word_1_133' title='bbox 1242 1250 1343 1303; x_wconf 93' lang='lat' dir='ltr'>quin</span> <span class='ocrx_word' id='word_1_134' title='bbox 1380 1249 1524 1290; x_wconf 90' lang='lat' dir='ltr'>hostes</span> <span class='ocrx_word' id='word_1_135' title='bbox 1563 1264 1611 1290; x_wconf 92' lang='grc'><strong>60</strong></span> <span class='ocrx_word' id='word_1_136' title='bbox 1661 1302 1662 1305; x_wconf 33' lang='grc' dir='ltr'>Ξ</span> 
     </span>
     <span class='ocr_line' id='line_1_19' title="bbox 277 1313 1661 1370; baseline 0 -16"><span class='ocrx_word' id='word_1_137' title='bbox 277 1314 437 1368; x_wconf 91' lang='lat' dir='ltr'>proelio</span> <span class='ocrx_word' id='word_1_138' title='bbox 482 1314 626 1355; x_wconf 88' lang='lat' dir='ltr'>audito</span> <span class='ocrx_word' id='word_1_139' title='bbox 670 1313 778 1354; x_wconf 91' lang='lat' dir='ltr'>nihil</span> <span class='ocrx_word' id='word_1_140' title='bbox 822 1314 906 1354; x_wconf 88' lang='lat' dir='ltr'>iam</span> <span class='ocrx_word' id='word_1_141' title='bbox 945 1314 994 1355; x_wconf 91' lang='lat' dir='ltr'>de</span> <span class='ocrx_word' id='word_1_142' title='bbox 1038 1314 1148 1355; x_wconf 86' lang='lat' dir='ltr'>bello</span> <span class='ocrx_word' id='word_1_143' title='bbox 1191 1316 1331 1355; x_wconf 86' lang='lat' dir='ltr'>essent</span> <span class='ocrx_word' id='word_1_144' title='bbox 1372 1313 1611 1368; x_wconf 84' lang='lat' dir='ltr'>cogitaturi.</span> <span class='ocrx_word' id='word_1_145' title='bbox 1660 1327 1661 1370; x_wconf 60' lang='grc' dir='ltr'>Ξ</span> 
     </span>
     <span class='ocr_line' id='line_1_20' title="bbox 231 1377 1660 1432; baseline -0.002 -11"><span class='ocrx_word' id='word_1_146' title='bbox 231 1394 250 1421; x_wconf 84' lang='lat'><strong>3</strong></span> <span class='ocrx_word' id='word_1_147' title='bbox 277 1377 466 1431; x_wconf 87' lang='lat' dir='ltr'>Dignum</span> <span class='ocrx_word' id='word_1_148' title='bbox 503 1377 729 1418; x_wconf 85' lang='lat' dir='ltr'>adveniens</span> <span class='ocrx_word' id='word_1_149' title='bbox 771 1378 955 1419; x_wconf 88' lang='lat' dir='ltr'>fructum</span> <span class='ocrx_word' id='word_1_150' title='bbox 993 1378 1165 1419; x_wconf 79' lang='lat' dir='ltr'>virtutis</span> <span class='ocrx_word' id='word_1_151' title='bbox 1205 1380 1246 1419; x_wconf 90' lang='lat' dir='ltr'>et</span> <span class='ocrx_word' id='word_1_152' title='bbox 1284 1378 1413 1418; x_wconf 88' lang='lat' dir='ltr'>animi</span> <span class='ocrx_word' id='word_1_153' title='bbox 1451 1378 1611 1432; x_wconf 87' lang='lat' dir='ltr'>magni·</span> <span class='ocrx_word' id='word_1_154' title='bbox 1658 1383 1660 1432; x_wconf 43' lang='grc' dir='ltr'>Ξ</span> 
     </span>
     <span class='ocr_line' id='line_1_21' title="bbox 277 1442 1659 1496; baseline 0.001 -15"><span class='ocrx_word' id='word_1_155' title='bbox 277 1442 437 1483; x_wconf 85' lang='lat' dir='ltr'>tudinis</span> <span class='ocrx_word' id='word_1_156' title='bbox 469 1442 585 1482; x_wconf 86' lang='lat' dir='ltr'>tulit:</span> <span class='ocrx_word' id='word_1_157' title='bbox 624 1442 760 1483; x_wconf 91' lang='lat' dir='ltr'>omnis</span> <span class='ocrx_word' id='word_1_158' title='bbox 799 1443 909 1483; x_wconf 88' lang='lat' dir='ltr'>enim</span> <span class='ocrx_word' id='word_1_159' title='bbox 947 1442 1175 1484; x_wconf 87' lang='lat' dir='ltr'>multitudo</span> <span class='ocrx_word' id='word_1_160' title='bbox 1208 1443 1518 1496; x_wconf 85' lang='lat' dir='ltr'>oppidanorum</span> <span class='ocrx_word' id='word_1_161' title='bbox 1551 1457 1611 1483; x_wconf 90' lang='lat' dir='ltr'>ar·</span> <span class='ocrx_word' id='word_1_162' title='bbox 1658 1471 1659 1494; x_wconf 65' lang='lat'>3</span> 
     </span>
     <span class='ocr_line' id='line_1_22' title="bbox 277 1505 1659 1561; baseline 0.003 -16"><span class='ocrx_word' id='word_1_163' title='bbox 277 1505 358 1546; x_wconf 90' lang='lat' dir='ltr'>mis</span> <span class='ocrx_word' id='word_1_164' title='bbox 395 1506 595 1559; x_wconf 89' lang='lat' dir='ltr'>proiectis</span> <span class='ocrx_word' id='word_1_165' title='bbox 633 1507 1029 1561; x_wconf 89' lang='lat' dir='ltr'>munitionibusque</span> <span class='ocrx_word' id='word_1_166' title='bbox 1068 1508 1156 1549; x_wconf 92' lang='lat' dir='ltr'>suis</span> <span class='ocrx_word' id='word_1_167' title='bbox 1195 1507 1371 1561; x_wconf 84' lang='lat' dir='ltr'>relictis,</span> <span class='ocrx_word' id='word_1_168' title='bbox 1412 1510 1528 1549; x_wconf 86' lang='lat' dir='ltr'>veste</span> <span class='ocrx_word' id='word_1_169' title='bbox 1565 1523 1613 1549; x_wconf 85' lang='lat' dir='ltr'>ea</span> <span class='ocrx_word' id='word_1_170' title='bbox 1658 1519 1659 1537; x_wconf 71' lang='lat'>³</span> 
     </span>
     <span class='ocr_line' id='line_1_23' title="bbox 278 1571 1611 1625; baseline 0.003 -16"><span class='ocrx_word' id='word_1_171' title='bbox 278 1572 464 1624; x_wconf 81' lang='lat' dir='ltr'>sumpta,</span> <span class='ocrx_word' id='word_1_172' title='bbox 509 1585 592 1624; x_wconf 90' lang='lat' dir='ltr'>qua</span> <span class='ocrx_word' id='word_1_173' title='bbox 632 1571 843 1624; x_wconf 89' lang='lat' dir='ltr'>supplices</span> <span class='ocrx_word' id='word_1_174' title='bbox 881 1571 1146 1613; x_wconf 87' lang='lat' dir='ltr'>dominantes</span> <span class='ocrx_word' id='word_1_175' title='bbox 1188 1571 1401 1625; x_wconf 88' lang='lat' dir='ltr'>deprecari</span> <span class='ocrx_word' id='word_1_176' title='bbox 1442 1586 1611 1613; x_wconf 90' lang='lat' dir='ltr'>consue-</span> 
     </span>
     <span class='ocr_line' id='line_1_24' title="bbox 277 1635 1612 1691; baseline 0.002 -17"><span class='ocrx_word' id='word_1_177' title='bbox 277 1637 395 1688; x_wconf 80' lang='lat' dir='ltr'>runt,</span> <span class='ocrx_word' id='word_1_178' title='bbox 439 1635 652 1689; x_wconf 86' lang='lat' dir='ltr'>sacrisque</span> <span class='ocrx_word' id='word_1_179' title='bbox 697 1635 893 1676; x_wconf 88' lang='lat' dir='ltr'>omnibus</span> <span class='ocrx_word' id='word_1_180' title='bbox 936 1636 1135 1690; x_wconf 82' lang='lat' dir='ltr'>prolatis,</span> <span class='ocrx_word' id='word_1_181' title='bbox 1183 1650 1363 1690; x_wconf 87' lang='lat' dir='ltr'>quorum</span> <span class='ocrx_word' id='word_1_182' title='bbox 1406 1636 1612 1691; x_wconf 84' lang='lat' dir='ltr'>religione</span> 
     </span>
     <span class='ocr_line' id='line_1_25' title="bbox 277 1699 1655 1755; baseline 0.002 -17"><span class='ocrx_word' id='word_1_183' title='bbox 277 1699 438 1752; x_wconf 86' lang='lat' dir='ltr'>precari</span> <span class='ocrx_word' id='word_1_184' title='bbox 477 1699 659 1740; x_wconf 86' lang='lat' dir='ltr'>offensos</span> <span class='ocrx_word' id='word_1_185' title='bbox 698 1699 913 1754; x_wconf 87' lang='lat' dir='ltr'>iratosque</span> <span class='ocrx_word' id='word_1_186' title='bbox 953 1700 1115 1741; x_wconf 88' lang='lat' dir='ltr'>animos</span> <span class='ocrx_word' id='word_1_187' title='bbox 1152 1714 1302 1755; x_wconf 90' lang='lat' dir='ltr'>regum</span> <span class='ocrx_word' id='word_1_188' title='bbox 1334 1703 1453 1741; x_wconf 89' lang='lat' dir='ltr'>erant</span> <span class='ocrx_word' id='word_1_189' title='bbox 1485 1701 1613 1755; x_wconf 81' lang='lat' dir='ltr'>soliti,</span> <span class='ocrx_word' id='word_1_190' title='bbox 1654 1732 1655 1735; x_wconf 19' lang='grc' dir='ltr'>η</span> 
     </span>
     <span class='ocr_line' id='line_1_26' title="bbox 278 1763 1611 1819; baseline 0.002 -16"><span class='ocrx_word' id='word_1_191' title='bbox 278 1764 516 1804; x_wconf 87' lang='lat' dir='ltr'>advenienti</span> <span class='ocrx_word' id='word_1_192' title='bbox 562 1763 729 1805; x_wconf 86' lang='lat' dir='ltr'>Caesari</span> <span class='ocrx_word' id='word_1_193' title='bbox 774 1768 1047 1806; x_wconf 87' lang='lat' dir='ltr'>occurrerunt</span> <span class='ocrx_word' id='word_1_194' title='bbox 1097 1780 1225 1819; x_wconf 90' lang='lat' dir='ltr'>seque</span> <span class='ocrx_word' id='word_1_195' title='bbox 1270 1765 1307 1806; x_wconf 87' lang='grc'>61</span> <span class='ocrx_word' id='word_1_196' title='bbox 1352 1765 1611 1807; x_wconf 87' lang='lat' dir='ltr'>dediderunt.</span> 
     </span>
     <span class='ocr_line' id='line_1_27' title="bbox 230 1827 1655 1884; baseline 0.002 -17"><span class='ocrx_word' id='word_1_197' title='bbox 230 1837 251 1866; x_wconf 80' lang='lat'>4</span> <span class='ocrx_word' id='word_1_198' title='bbox 279 1827 429 1868; x_wconf 85' lang='lat' dir='ltr'>Caesar</span> <span class='ocrx_word' id='word_1_199' title='bbox 461 1828 504 1868; x_wconf 92' lang='lat' dir='ltr'>in</span> <span class='ocrx_word' id='word_1_200' title='bbox 541 1828 667 1869; x_wconf 87' lang='lat' dir='ltr'>fidem</span> <span class='ocrx_word' id='word_1_201' title='bbox 700 1832 892 1883; x_wconf 88' lang='lat' dir='ltr'>receptos</span> <span class='ocrx_word' id='word_1_202' title='bbox 925 1829 1166 1871; x_wconf 88' lang='lat' dir='ltr'>consolatus</span> <span class='ocrx_word' id='word_1_203' title='bbox 1198 1845 1274 1884; x_wconf 90' lang='lat' dir='ltr'>per</span> <span class='ocrx_word' id='word_1_204' title='bbox 1305 1830 1494 1871; x_wconf 87' lang='lat' dir='ltr'>hostium</span> <span class='ocrx_word' id='word_1_205' title='bbox 1524 1845 1612 1870; x_wconf 92' lang='lat' dir='ltr'>mu-</span> <span class='ocrx_word' id='word_1_206' title='bbox 1650 1849 1655 1875; x_wconf 70' lang='lat'>⁴,</span> 
     </span>
     <span class='ocr_line' id='line_1_28' title="bbox 278 1881 1654 1951; baseline 0.001 -19"><span class='ocrx_word' id='word_1_207' title='bbox 278 1892 459 1933; x_wconf 89' lang='lat' dir='ltr'>nitiones</span> <span class='ocrx_word' id='word_1_208' title='bbox 486 1892 544 1932; x_wconf 85' lang='lat' dir='ltr'>&#39;in</span> <span class='ocrx_word' id='word_1_209' title='bbox 585 1907 704 1933; x_wconf 90' lang='lat' dir='ltr'>suam</span> <span class='ocrx_word' id='word_1_210' title='bbox 745 1896 909 1946; x_wconf 87' lang='lat' dir='ltr'>partem</span> <span class='ocrx_word' id='word_1_211' title='bbox 951 1894 1096 1948; x_wconf 88' lang='lat' dir='ltr'>oppidi</span> <span class='ocrx_word' id='word_1_212' title='bbox 1137 1907 1307 1951; x_wconf 23' lang='lat' dir='ltr'>magna*</span> <span class='ocrx_word' id='word_1_213' title='bbox 1331 1893 1613 1949; x_wconf 83' lang='lat' dir='ltr'>gratulatione</span> <span class='ocrx_word' id='word_1_214' title='bbox 1651 1881 1654 1939; x_wconf 93' lang='grc' dir='ltr'>Ξ</span> 
     </span>
     <span class='ocr_line' id='line_1_29' title="bbox 278 1951 1653 2012; baseline 0.001 -15"><span class='ocrx_word' id='word_1_215' title='bbox 278 1956 393 1997; x_wconf 85' lang='lat' dir='ltr'>venit</span> <span class='ocrx_word' id='word_1_216' title='bbox 425 1971 617 2010; x_wconf 78' lang='lat' dir='ltr'>suorum3</span> <span class='ocrx_word' id='word_1_217' title='bbox 651 1957 723 2010; x_wconf 89' lang='lat' dir='ltr'>qui</span> <span class='ocrx_word' id='word_1_218' title='bbox 755 1972 839 1998; x_wconf 88' lang='lat' dir='ltr'>non</span> <span class='ocrx_word' id='word_1_219' title='bbox 871 1961 1037 1999; x_wconf 89' lang='lat' dir='ltr'>tantum</span> <span class='ocrx_word' id='word_1_220' title='bbox 1069 1958 1229 1999; x_wconf 88' lang='lat' dir='ltr'>bellum</span> <span class='ocrx_word' id='word_1_221' title='bbox 1255 1958 1395 2012; x_wconf 87' lang='lat' dir='ltr'>ipsum</span> <span class='ocrx_word' id='word_1_222' title='bbox 1422 1972 1469 1998; x_wconf 88' lang='lat' dir='ltr'>ac</span> <span class='ocrx_word' id='word_1_223' title='bbox 1495 1957 1613 1998; x_wconf 91' lang='lat' dir='ltr'>dimi·</span> <span class='ocrx_word' id='word_1_224' title='bbox 1651 1951 1653 1979; x_wconf 66' lang='grc' dir='ltr'>Ξ</span> 
     </span>
     <span class='ocr_line' id='line_1_30' title="bbox 279 2021 1651 2075; baseline 0.001 -14"><span class='ocrx_word' id='word_1_225' title='bbox 279 2021 498 2075; x_wconf 85' lang='lat' dir='ltr'>cationem,</span> <span class='ocrx_word' id='word_1_226' title='bbox 524 2021 597 2062; x_wconf 87' lang='lat' dir='ltr'>sed</span> <span class='ocrx_word' id='word_1_227' title='bbox 617 2022 742 2062; x_wconf 88' lang='lat' dir='ltr'>etiam</span> <span class='ocrx_word' id='word_1_228' title='bbox 770 2022 898 2062; x_wconf 87' lang='lat' dir='ltr'>talem</span> <span class='ocrx_word' id='word_1_229' title='bbox 925 2022 1152 2063; x_wconf 86' lang='lat' dir='ltr'>adventum</span> <span class='ocrx_word' id='word_1_230' title='bbox 1175 2023 1264 2063; x_wconf 92' lang='lat' dir='ltr'>eius</span> <span class='ocrx_word' id='word_1_231' title='bbox 1289 2022 1457 2063; x_wconf 88' lang='lat' dir='ltr'>felicem</span> <span class='ocrx_word' id='word_1_232' title='bbox 1483 2022 1614 2063; x_wconf 89' lang='lat' dir='ltr'>fuisse</span> <span class='ocrx_word' id='word_1_233' title='bbox 1647 2035 1651 2051; x_wconf 63' lang='lat'>³</span> 
     </span>
     <span class='ocr_line' id='line_1_31' title="bbox 278 2085 555 2126; baseline 0.004 -1"><span class='ocrx_word' id='word_1_234' title='bbox 278 2085 555 2126; x_wconf 86' lang='lat' dir='ltr'>laetabantur.</span> 
     </span>
    </p>
   </div>
   <div class='ocr_carea' id='block_1_3' title="bbox 234 2149 1650 2238">
    <p class='ocr_par' dir='ltr' id='par_1_3' title="bbox 234 2149 1650 2238">
     <span class='ocr_line' id='line_1_32' title="bbox 234 2149 1650 2238; baseline 0.001 -48"><span class='ocrx_word' id='word_1_235' title='bbox 234 2160 249 2189; x_wconf 92' lang='lat'>1</span> <span class='ocrx_word' id='word_1_236' title='bbox 366 2149 564 2238; x_wconf 84' lang='lat' dir='ltr'>XXXIII.</span> <span class='ocrx_word' id='word_1_237' title='bbox 615 2149 765 2191; x_wconf 85' lang='lat' dir='ltr'>Caesar</span> <span class='ocrx_word' id='word_1_238' title='bbox 790 2149 989 2205; x_wconf 86' lang='lat' dir='ltr'>Aegypto</span> <span class='ocrx_word' id='word_1_239' title='bbox 1016 2153 1141 2204; x_wconf 86' lang='lat' dir='ltr'>atque</span> <span class='ocrx_word' id='word_1_240' title='bbox 1168 2149 1426 2191; x_wconf 81' lang='lat' dir='ltr'>Alexandria</span> <span class='ocrx_word' id='word_1_241' title='bbox 1451 2151 1650 2223; x_wconf 56' lang='grc' dir='ltr'><strong>1101311311ΒΞ</strong></span> <span class='ocrx_word' id='word_1_242' title='bbox 1648 2156 1650 2167; x_wconf 82' lang='grc'>’</span> 
     </span>
    </p>
   </div>
   <div class='ocr_carea' id='block_1_4' title="bbox 232 1264 250 1292">
    <p class='ocr_par' dir='ltr' id='par_1_4' title="bbox 232 1264 250 1292">
     <span class='ocr_line' id='line_1_33' title="bbox 232 1264 250 1292; textangle 90"><span class='ocrx_word' id='word_1_243' title='bbox 232 1264 250 1292; x_wconf 60' lang='lat' dir='ltr'>R&amp;</span> 
     </span>
    </p>
   </div>
   <div class='ocr_carea' id='block_1_5' title="bbox 232 2246 1648 2397">
    <p class='ocr_par' dir='ltr' id='par_1_5' title="bbox 232 2246 1648 2397">
     <span class='ocr_line' id='line_1_34' title="bbox 281 2246 1648 2333; baseline 0.001 -14"><span class='ocrx_word' id='word_1_244' title='bbox 281 2246 350 2318; x_wconf 81' lang='lat' dir='ltr'>rat</span> <span class='ocrx_word' id='word_1_245' title='bbox 376 2281 501 2333; x_wconf 88' lang='lat' dir='ltr'>atque</span> <span class='ocrx_word' id='word_1_246' title='bbox 535 2279 772 2320; x_wconf 86' lang='lat' dir='ltr'>obtestatus</span> <span class='ocrx_word' id='word_1_247' title='bbox 805 2281 895 2319; x_wconf 85' lang='lat' dir='ltr'>erat</span> <span class='ocrx_word' id='word_1_248' title='bbox 926 2279 1131 2333; x_wconf 89' lang='lat' dir='ltr'>populum</span> <span class='ocrx_word' id='word_1_249' title='bbox 1160 2279 1412 2333; x_wconf 79' lang='lat' dir='ltr'>Romanum,</span> <span class='ocrx_word' id='word_1_250' title='bbox 1443 2294 1495 2321; x_wconf 90' lang='lat' dir='ltr'>ne</span> <span class='ocrx_word' id='word_1_251' title='bbox 1526 2294 1614 2320; x_wconf 94' lang='lat' dir='ltr'>mu-</span> <span class='ocrx_word' id='word_1_252' title='bbox 1646 2275 1648 2301; x_wconf 69' lang='lat'><em>³</em></span> 
     </span>
     <span class='ocr_line' id='line_1_35' title="bbox 232 2342 1648 2397; baseline 0 -14"><span class='ocrx_word' id='word_1_253' title='bbox 232 2354 252 2383; x_wconf 67' lang='lat'>“2</span> <span class='ocrx_word' id='word_1_254' title='bbox 281 2345 479 2384; x_wconf 81' lang='lat' dir='ltr'>tarentur.</span> <span class='ocrx_word' id='word_1_255' title='bbox 530 2342 641 2384; x_wconf 89' lang='lat' dir='ltr'>Nam</span> <span class='ocrx_word' id='word_1_256' title='bbox 668 2343 826 2384; x_wconf 88' lang='lat' dir='ltr'>maiore</span> <span class='ocrx_word' id='word_1_257' title='bbox 853 2358 904 2384; x_wconf 83' lang='lat' dir='ltr'>ex</span> <span class='ocrx_word' id='word_1_258' title='bbox 932 2343 1095 2384; x_wconf 88' lang='lat' dir='ltr'>duobus</span> <span class='ocrx_word' id='word_1_259' title='bbox 1121 2343 1280 2397; x_wconf 78' lang='lat' dir='ltr'>pueris,</span> <span class='ocrx_word' id='word_1_260' title='bbox 1312 2357 1427 2397; x_wconf 78' lang='lat' dir='ltr'>rege7</span> <span class='ocrx_word' id='word_1_261' title='bbox 1460 2343 1614 2384; x_wconf 89' lang='lat' dir='ltr'>amisso</span> <span class='ocrx_word' id='word_1_262' title='bbox 1644 2348 1648 2381; x_wconf 57' lang='grc' dir='ltr'>ἰν</span> 
     </span>
    </p>
   </div>
   <div class='ocr_carea' id='block_1_6' title="bbox 1634 266 1669 2574">
    <p class='ocr_par' dir='ltr' id='par_1_6' title="bbox 1634 266 1669 2574">
     <span class='ocr_line' id='line_1_36' title="bbox 1634 266 1669 2574; baseline 0 0"><span class='ocrx_word' id='word_1_263' title='bbox 1634 266 1669 2574; x_wconf 95' lang='lat' dir='ltr'> </span> 
     </span>
    </p>
   </div>
  </div>
 </body>
</html>
