1638 2600
540 123 600 158 VI.
635 122 698 157 DE
724 121 900 157 ASTRIS.
1315 122 1397 163 153

150 220 248 254 Plin.
263 219 351 254 Nat.
366 218 464 253 His-t.
486 218 643 261 XVIII,
659 219 863 252 268-271.
891 216 948 251 Ab
972 217 1123 252 solstitio
1148 217 1196 251 ad
1221 216 1392 259 fidiculae

56 279 219 305 occasum
243 267 302 301 VI
321 267 390 301 kal.
410 266 482 300 Iul.
506 266 654 300 Caesari
677 264 789 299 Orion
812 265 992 299 exoritur.
1006 292 1013 298 .
1028 292 1034 298 .
1048 264 1153 298 XVI
1168 263 1266 307 (XV
1280 263 1394 298 Schol.

58 316 194 358 Germ.)
220 314 290 348 kal.
317 313 412 358 Αιι9
434 313 607 358 Assyriae
627 322 788 357 procyon
806 312 978 353 emoritur,
1004 312 1089 345 dein
1105 311 1279 355 postridie
1303 314 1397 355 (post

55 363 219 399 triduum
244 361 357 396 Schol.
386 360 491 395 Germ
497 365 521 403 .)
552 361 626 403 sere
655 360 785 404 ubique
809 359 1005 401 confessum
1033 359 1127 394 inter
1152 369 1270 393 omnes
1297 359 1398 393 sidus

55 410 200 456 ἰπ9εη3,
231 408 325 453 quod
349 409 452 442 canis
476 412 592 443 ortum
618 417 798 449 vocamus,
829 406 900 441 sole
927 410 1068 450 partem
1094 406 1254 450 primam
1286 406 1398 440 leonis

56 458 225 502 inqresso.
275 455 357 490 Hoc
380 456 421 498 fit
442 460 524 499 post
547 455 738 489 solstitiwm
770 434 922 488 XXIII
943 454 1039 488 diue
1095 453 1237 487 ‚XIII
1259 453 1398 495 (XVII

54 504 160 540 schol.
178 503 295 538 Germ.
323 507 355 537 et
380 503 464 536 libri
484 502 605 536 Plinii
624 502 803 546 plerique)
829 501 899 535 kal.
927 480 1102 554 Aeyypto.
1117 501 1244 545 aquila
1269 501 1399 536 occidit

56 551 235 587 'matutino
265 550 523 594 etesiarumque
552 549 739 602 prodromi
767 549 877 592 flatus
907 548 1109 591 incipiunt,
1141 549 1235 592 quod
1268 548 1401 583 Caesar

57 598 100 633 X
127 598 197 632 kal.
230 598 360 632 sentire
391 598 543 632 Italiam
578 596 805 632 eaeistimavit
849 596 873 641 γ’·
899 595 1026 639 aquila
1052 595 1194 630 Atticae
1220 596 1398 630 matutino

56 645 205 687 occidit,
235 645 308 678 III
334 645 404 678 hal
430 645 531 690 reyia
555 644 595 678 in
616 648 756 688 pectore
781 643 893 677 leonis
916 643 1019 677 stella
1044 643 1223 677 matutino
1251 642 1399 677 Caesari

56 693 210 738 emerqit.
268 692 372 726 VIII
397 692 446 726 id.
473 692 568 736 Auy.
596 695 763 726 arcturus
793 690 931 725 medius
963 689 1108 731 occidit,
1139 690 1213 723 III
1238 690 1287 724 id.
1315 690 1397 732 fidi-

55 740 140 776 cula
171 750 298 774 occasu
334 750 400 774 suo
434 743 649 774 autumnum
679 738 836 780 indicat,
867 742 908 772 ut
938 737 970 771 is
1001 737 1200 771 adnotavit.
1251 737 1398 772 Ptolem.

56 787 197 831 Appar
231 787 374 831 Epiphi
405 789 427 821 9
465 788 526 829 (=
552 786 586 820 V
607 786 704 820 Non.
738 785 848 829 Iul.):
890 781 1104 829 Αἰγυπτίοις
1140 784 1203 818 καὶ
1240 782 1401 827 Καίσαρι

57 833 165 874 νότος
195 834 258 868 καὶ
289 839 423 877 καῦμα.
475 834 617 877 Epiphi
639 835 689 867 20
721 835 782 875 (=
810 832 872 867 Pr.
898 832 956 866 Id.
983 832 1092 874 Iul)
1129 829 1290 874 Καίσαρι
1317 831 1401 866 ἄνε-

56 895 124 927 μος
148 881 262 921 πολὺς
286 887 380 915 πνεῖ.
431 881 572 925 Epiphi
596 883 647 916 27
673 883 733 923 (=
761 880 849 914 XII
865 880 951 914 Kal.
967 879 1029 913 Au
1030 881 1100 924 9..)
1126 876 1286 922 Καίσαρι
1313 878 1401 922 πρό-

59 930 191 973 δρομοι
216 926 402 963 πνέουσιν.
449 928 588 962 ΣῑΙεεονί
613 931 632 962 1
661 930 721 970 (=-
748 927 853 961 VIII
874 927 961 961 Kal.
989 927 1122 971 Au9.:)
1159 925 1312 983 Εὐδόξῳ
1339 928 1401 960 καὶ

57 975 218 1019 Καίσαρι
244 974 360 1015 νότος.
406 975 544 1010 DIesori
571 978 593 1009 7
620 977 680 1018 (=
702 975 800 1019 prid.
828 974 915 1009 Kal.
942 975 1075 1031 Auy.):
1109 971 1269 1017 Καίσαρι
1296 972 1402 1014 νότος

56 1030 152 1058 πνεῖ
203 1023 343 1058 Mesori
368 1026 415 1057 10
441 1025 501 1065 (=
527 1023 602 1056 III
622 1023 719 1057 Non.
746 1023 879 1067 Auyoe)
913 1019 1072 1065 Καίσαρι
1100 1019 1341 1065 ἐπισημαίνει.

153 1071 251 1105 Plin.
277 1070 427 1104 XVIII
447 1072 649 1104 309—311.
700 1070 917 1114 Siyniflcant
936 1069 1034 1113 prid.
1063 1069 1110 1102 id.
1137 1069 1232 1114 Auy.
1259 1069 1402 1104 Atticae

54 1128 168 1163 equus
198 1118 317 1152 oriens
353 1128 516 1161 vespera,
548 1117 710 1162 Aeyypto
749 1121 780 1151 et
813 1116 960 1151 Caesari
1000 1116 1191 1160 delphinus
1229 1116 1399 1151 occidens.

58 1166 126 1200 XI
145 1165 215 1199 kal.
242 1164 335 1208 Sept.
359 1164 507 1199 Caesari
532 1168 564 1198 et
588 1165 763 1208 Assyriae
787 1164 901 1206 stella,
926 1174 1017 1208 quae
1042 1163 1257 1197 vindemitor
1281 1164 1402 1208 appel-

56 1213 169 1255 latur,
194 1212 331 1247 emoriri
348 1223 453 1246 manc
471 1211 602 1255 incipit
619 1212 820 1246 vindemiae
838 1211 1082 1246 maturitatem
1101 1211 1315 1254 promittens
1335 1239 1341 1244 .
1364 1238 1371 1245 .
1394 1239 1400 1245 .

64 1260 98 1294 V
120 1260 168 1294 id.
198 1259 291 1303 Sept.
320 1258 469 1293 Caesari
493 1258 631 1302 capella
656 1259 773 1293 oritur
796 1259 943 1302 vesperi,
968 1262 1137 1292 arcturus
1161 1268 1241 1292 vero
1266 1259 1403 1292 medius

59 1307 158 1352 prid.
179 1307 230 1341 id.
244 1306 543 1341 vehementissimo
563 1306 771 1351 significatu
791 1306 935 1349 (imbres
954 1305 1271 1339 rehementissimos
1289 1306 1401 1350 siqni-

61 1355 147 1398 ficat
159 1354 273 1389 Schol.
294 1353 429 1396 Germ.)
453 1357 549 1387 terra
568 1354 729 1397 marique
742 1364 811 1397 per
829 1352 905 1387 dies
924 1353 1090 1396 quinque.
1110 1353 1206 1387 ratio
1225 1353 1302 1387 eius
1319 1353 1405 1387 haec

56 1402 237 1438 traditur.
268 1401 301 1436 si
331 1401 500 1454 delphino
533 1400 708 1435 occidente
739 1401 823 1434 imbr
825 1411 867 1434 es
896 1400 1046 1442 fuerint,
1070 1410 1145 1433 non
1173 1400 1318 1442 futuros
1338 1411 1404 1444 per

56 1453 253 1484 arcturum.
281 1448 425 1494 siynum
445 1448 592 1482 orientis
611 1448 688 1482 eius
707 1448 837 1482 sideris
847 1451 1007 1482 servetur
1018 1447 1258 1481 hirundinum
1272 1447 1403 1489 abitus,

55 1507 211 1541 namque
241 1496 478 1549 deprehensae
511 1495 700 1530 i.ntereunt
755 1495 860 1530 XVI
891 1494 961 1528 kal.
998 1493 1069 1528 Oct
1103 1494 1267 1539 Aeqypto
1303 1495 1403 1538 spica

56 1555 167 1588 quam
192 1547 284 1578 tenet
307 1543 408 1588 viryo
433 1553 518 1577 eaeor
520 1543 595 1576 itur
619 1543 797 1577 matutino
817 1542 1010 1586 etesiaeque
1029 1542 1208 1576 desinunt.
1228 1541 1293 1576 hoc
1311 1542 1404 1576 idem

60 1590 209 1626 Caesari
229 1590 332 1625 XIV
346 1590 430 1632 kal„
457 1590 569 1624 XIII
582 1590 758 1634 Assyriae
775 1590 996 1635 significant,
1021 1593 1053 1624 et
1071 1589 1139 1623 XI
1151 1589 1221 1623 kal.
1251 1588 1404 1624 Caesari

57 1639 293 1673 commissura
320 1638 479 1682 piscium
509 1637 671 1672 occidens
701 1638 888 1681 ipsumque
918 1637 1122 1681 aequinocti
1157 1637 1255 1680 (equi
1288 1636 1401 1671 Schol.

62 1685 198 1729 Germ.)
217 1685 320 1720 sidus
333 1685 439 1719 VIII
451 1685 522 1719 kal.
541 1684 612 1719 Oct.
635 1705 679 1709 —
700 1685 846 1719 Ptolem.
862 1684 1032 1728 Apparit.
1049 1684 1189 1718 Mesori
1206 1686 1256 1718 20
1276 1686 1336 1727 (=
1345 1684 1401 1718 Id.

57 1733 192 1777 Auy.):
226 1730 386 1775 Καίσαρι
412 1730 654 1776 ἐπισημαίνει.
706 1732 845 1766 BIesori
868 1733 915 1766 21
945 1734 1004 1774 (=
1026 1731 1131 1765 XIX
1156 1731 1244 1765 Kal.
1273 1731 1383 1775 Sept.)
1394 1745 1404 1765 .-

58 1778 219 1823 Καίσαρι
240 1778 482 1824 ἐπισημαίνει,
502 1777 682 1824 πνιγετός.
717 1779 856 1814 Mesori
875 1781 925 1813 23
946 1781 1006 1821 (=
1022 1778 1151 1812 XVII
1167 1778 1254 1812 Kal.
1270 1778 1401 1822 Sept..)
1399 1792 1405 1798 ·

59 1825 221 1870 Καίσαρι
246 1825 464 1870 περίστασις.
508 1827 647 1861 Blesori
670 1828 719 1861 29
746 1829 806 1869 (=
822 1826 890 1860 XI
915 1826 1001 1860 Kal
1031 1826 1161 1869 Septoe)
1192 1824 1406 1870 Αἰγυπτίοις

56 1875 121 1909 «καὶ
154 1873 315 1917 Καίσαρι
346 1872 586 1918 επισημαίνει.
619 1872 806 1917 δυσαερία.
862 1873 1124 1930 Epayomenon
1154 1875 1179 1907 2
1213 1876 1273 1916 (=
1304 1873 1409 1907 VIII

60 1922 147 1956 Kal.
163 1922 294 1966 Sept)
319 1920 472 1979 Εὐδόξῳ
498 1922 559 1956 καὶ
586 1919 746 1964 Καισαρι
767 1918 1007 1977 ἐπισημαίνει.
1047 1921 1161 1955 Thoth
1181 1923 1203 1954 3
1225 1923 1285 1963 (-
1302 1921 1402 1964 prid.

60 1969 148 2003 Kal.
170 1969 302 2013 Sept.):
326 1958 485 2012 Καίσαρι
506 1968 651 2013 ἄνεμος,
677 1967 791 2012 ὑετός,
818 1966 983 2025 βρονταί.
1038 1968 1151 2002 Thoth
1170 1970 1194 2002 8
1221 1970 1282 2011 (=
1303 1968 1401 2002 Non.

58 2016 190 2060 Sept)
216 2014 374 2060 Καίσαρι
401 2016 530 2060 ἄνεμοι
556 2014 852 2060 μεταπίπτοντες,
878 2013 980 2050 ὑετία
1008 2015 1071 2049 καὶ
1097 2013 1237 2059 ἐτησιαι
1262 2015 1402 2049 παύον-

59 2076 131 2098 ται.
196 2064 309 2099 Thoth
333 2067 379 2098 14
416 2066 476 2107 (=
501 2064 576 2098 III
601 2064 657 2097 Id.
685 2063 816 2107 Sept..)
852 2061 1012 2105 Καίσαρι
1051 2060 1178 2119 βορέαι
1217 2062 1403 2096 παύονται

57 2109 240 2151 πνέοντες.
295 2111 410 2146 Thoth
433 2114 483 2146 20
515 2113 576 2154 (=
603 2111 682 2144 XV
712 2111 799 2145 Kal.
835 2110 907 2145 Oet.
911 2113 954 2153 ):
991 2108 1151 2153 Καίσαρι
1189 2110 1402 2153 μετοπώρου

57 2157 153 2203 ἀρχὴ
185 2159 248 2192 καὶ
279 2159 431 2204 χελιδὼν
462 2156 692 2203 ἀφανίζεται.
747 2158 801 2192 Io.
835 2158 950 2192 Laur
987 2157 1081 2202 Lyd.
1119 2157 1161 2191 de
1192 2168 1298 2191 mens.
1332 2157 1404 2199 IV,

58 2215 88 2239 c.
115 2207 164 2239 23
186 2216 222 2249 Ρ.
243 2208 317 2240 123
342 2207 393 2240 ed.
415 2206 566 2240 Solimo..-
595 2210 639 2251 τῇ
664 2205 736 2249 πρὸ
762 2205 922 2240 δεκαδύο
949 2205 1149 2239 Καλενδῶν
1172 2202 1402 2249 Ὀκτωβρίων

61 2255 206 2296 Καῖσαρ
230 2251 295 2293 τὰς
318 2251 510 2298 χελιδόνας
535 2252 707 2297 ἐκδημεῖν
733 2251 792 2298 λέγ
796 2265 837 2287 ει.

157 2300 254 2334 Plin.
281 2300 369 2335 Nat.
395 2300 493 2336 Hist.
521 2300 678 2343 XVIII,
704 2302 904 2335 312-313,
953 2299 1012 2333 VI
1031 2310 1114 2333 non.
1145 2297 1217 2333 Oct.
1262 2298 1404 2334 Atticae

60 2356 195 2381 corona
231 2348 391 2381 emoritur
426 2359 548 2390 mane,
585 2347 696 2382 Asiae
727 2352 759 2382 et
795 2347 942 2382 Caesari
980 2346 1013 2379 V
1047 2346 1239 2380 heniochus
1276 2346 1405 2381 occidit

61 2394 249 2429 matutino.
301 2394 374 2428 III
389 2394 537 2429 Caesari
561 2406 693 2430 corona
718 2395 854 2430 emoriri
878 2394 1020 2438 incipit,
1045 2397 1076 2428 et
1096 2393 1271 2439 postridie
1291 2394 1401 2438 (prid.

133 2459 164 2484 C.
185 2459 322 2485 IULIUS
343 2459 508 2485 CAESAR.
539 2460 596 2485 111.
1150 2456 1190 2486 11
