1669 2574
249 141 332 182 142
537 141 573 176 C.
589 140 714 175 IULII
739 139 966 175 CAESARIS
991 139 1302 174 FRAGMENTA.

246 247 337 280 quae
375 235 545 269 accidunt
581 234 722 269 nomini
753 232 962 281 <similes>5
998 245 1060 269 sea·
1096 238 1215 269 autem
1248 234 1419 269 accidunt
1447 236 1589 270 nomini

246 284 334 324 ista,
367 282 526 326 qualitas
556 281 769 324 conparatio
799 292 911 326 96777773
941 292 1112 316 777777767773
1135 282 1257 327 figura
1280 292 1402 324 casus,
1427 293 1501 317 ecce
1525 294 1587 318 sea:

242 310 384 374 part'es:
415 329 532 363 eaeitus
563 328 788 373 syllabarum
817 332 859 363 ut
888 329 936 363 sit
959 329 1108 371 similis;
1145 333 1241 372 puta
1264 329 1359 363 illud
1382 329 1424 363 in
1447 340 1491 364 us
1515 330 1589 365 eaei‘t

246 381 278 411 et
302 375 397 410 illud
421 376 462 409 in
485 385 549 410 us:
568 375 880 419 paenultimarum
903 376 998 410 ratio
1017 380 1059 411 ut
1079 376 1128 410 sit
1145 376 1287 418 similis,
1311 380 1353 410 ut
1370 380 1435 411 aut
1452 377 1588 412 vocales

245 422 450 476 [syllabae]
475 422 549 457 sint
573 426 638 457 aut
662 427 913 457 consonantes.
937 423 1065 457 deinde
1089 427 1130 457 ut
1154 427 1312 467 tempora
1336 423 1411 458 sint
1431 423 1588 466 similia,-

245 471 278 505 si
308 470 376 503 illa
407 469 521 504 brevis
551 473 617 512 est,
648 473 681 504 et
710 470 778 504 illa
809 470 923 504 brevis
952 470 1008 504 sit
1054 470 1096 504 de
1127 470 1206 505 istis
1237 470 1401 505 omnibus
1425 471 1530 506 rebus
1553 471 1587 506 si

244 528 360 551 unum
384 517 505 551 minus
529 516 659 559 fuerit,
687 517 762 551 iam
785 527 860 551 non
884 521 956 551 stat
980 517 1173 562 analoyia,·
1204 517 1246 551 de
1270 517 1326 552 his
1350 518 1472 560 rebus,
1497 529 1588 562 977776

241 564 381 617 positae
405 568 492 598 sunt
516 564 617 608 apud
638 563 835 606 Caesarem,
860 564 983 608 siquid
1007 564 1127 616 minus
1145 564 1268 607 fuerit,
1293 565 1368 598 iam
1385 575 1461 599 non
1479 565 1589 600 stabit

245 611 341 646 ratio
367 611 577 656 analoyiae‚
602 611 657 645 ait
680 611 775 645 enim
802 610 953 645 Caesar:
983 609 1056 644 nisi
1082 609 1206 645 omnia
1231 610 1465 646 consentiant
1490 611 1588 646 inter

246 669 295 702 se,
321 668 396 692 non
420 659 544 702 potest
569 657 648 692 fieri
673 659 716 692 ub
740 657 900 692 nominis
927 656 1132 691 similitudo
1159 656 1218 692 sit.

341 705 500 750 Pompei.
531 704 718 740 Comment
746 705 787 739 in
812 705 909 740 Don.
936 705 988 739 ed.
1010 705 1098 739 Keil
1117 716 1155 748 p.
1176 707 1256 748 144,
1277 707 1334 739 17.
1378 706 1476 741 Alba
1501 706 1586 741 civi-

245 757 320 787 tas:
345 753 414 786 alii
431 753 559 787 dicunt
577 752 757 795 Albanus,
783 753 851 786 alii
869 752 1047 787 Albensis.
1086 763 1177 796 quae
1195 752 1291 786 ratio
1310 752 1386 787 est?
1410 753 1589 798 numquid

242 810 435 844 possumus
459 800 565 842 scire,
595 811 705 844 quare
729 800 781 834 sic
806 799 940 845 [quid]
965 798 1175 834 invenitur?
1225 798 1358 834 Caesar
1382 801 1524 844 quidem
1548 801 1589 834 777

245 847 349 881 libris
386 847 587 892 analoyicis
620 847 735 882 voluit
764 846 880 881 dicere
910 846 1165 881 discretionem.
1217 847 1271 881 ait
1301 847 1352 882 376
1385 847 1518 882 Caesar
1547 848 1588 881 in

246 894 350 928 libris
375 894 586 939 analogiae:
620 893 715 927 duae
742 894 828 927 sunt
852 893 988 937 Albae,
1021 892 1097 927 alia
1121 892 1195 927 ista
1220 903 1333 937 quam
1358 893 1523 928 novimus
1549 894 1588 928 in

244 940 387 985 Aricia,
425 942 463 975 et
499 940 576 975 alia
611 940 672 974 hic
703 940 743 974 in
772 939 894 975 Italia.
943 939 1107 974 volentes
1138 939 1297 974 Romani
1328 939 1589 976 discretionem

246 988 379 1032 facere,
406 987 498 1022 istos
523 988 688 1022 Albanos
715 987 897 1032 dixerunt,
922 986 1007 1022 illos
1033 987 1224 1021 Albenses.

340 1017 499 1089 P’ompei
534 1035 722 1070 Oomment.
754 1036 796 1069 in
826 1035 923 1070 Don.
957 1035 1009 1070 ed.
1037 1035 1124 1070 Keil
1154 1046 1193 1079 p
1223 1037 1308 1078 108,
1335 1037 1367 1069 7.
1417 1035 1589 1081 Leyimus

244 1083 345 1126 apud
375 1083 527 1117 maiores
557 1087 696 1118 nostros
722 1083 864 1126 primas
889 1083 990 1136 apud
1015 1082 1200 1117 Romanos
1225 1082 1293 1116 XI
1313 1082 1451 1117 litteras
1475 1083 1588 1125 fuisse

243 1134 386 1165 tantum
416 1130 537 1172 modo,
567 1134 609 1164 ut
638 1130 727 1164 dicit
753 1129 886 1164 Caesar
910 1130 952 1163 in
977 1129 1068 1164 libro
1093 1129 1349 1175 analogiarum
1369 1130 1511 1173 prii;no
1547 1130 1588 1164 in

247 1178 338 1212 libro
363 1157 621 1223 analoyidrum
648 1176 782 1212 Caesar
805 1177 870 1211 1706
894 1177 993 1219 dicit,
1019 1177 1087 1210 XI
1105 1177 1227 1219 fuisse

339 1224 499 1268 Pompei.
523 1224 710 1259 Comment.
733 1225 774 1258 777
792 1224 889 1258 Don.
910 1225 962 1258 ed.
978 1224 1066 1258 Keil
1085 1234 1123 1268 p.
1144 1227 1228 1266 199,
1247 1226 1304 1258 13.
1340 1224 1412 1258 Ille
1432 1224 1586 1268 (Varro)

244 1272 353 1306 dicit:
384 1272 441 1306 lac
464 1282 539 1306 non
564 1271 728 1306 debemus
752 1271 879 1314 dicere,
904 1271 965 1306 sed
991 1271 1070 1306 lact.
1097 1271 1159 1305 sed
1183 1271 1280 1306 dioeit
1306 1271 1440 1306 Caesar
1463 1276 1588 1307 contra

244 1319 364 1363 ipsum
394 1330 469 1353 rem
499 1319 798 1360 valentissimam,
829 1319 972 1353 nullum
1001 1329 1130 1353 nomen
1160 1318 1303 1352 duabus
1333 1319 1443 1353 mutis
1470 1320 1586 1354 termi—

243 1367 338 1401 nari.
391 1366 445 1409 Of.
474 1366 561 1400 Keil
588 1365 747 1401 Gramm.
774 1366 858 1401 Lat.
892 1365 927 1399 V
942 1377 980 1410 p.
1008 1368 1093 1408 326,
1117 1367 1176 1400 25.
1212 1366 1317 1399 VIII
1329 1377 1368 1409 p.
1395 1367 1479 1408 120,
1506 1368 1537 1400 7.

342 1413 525 1448 Priscian.
546 1413 574 1447 I
582 1424 621 1457 p.
637 1416 694 1455 14,
713 1416 760 1448 10
785 1413 837 1447 ed.
858 1413 982 1448 Hertz.
1022 1413 1203 1456 Pompeiii
1227 1423 1364 1457 97709776
1387 1413 1586 1458 yenetivum

241 1472 308 1505 per
334 1461 408 1495 tria
433 1461 448 1494 7
471 1461 689 1502 scribebant,
720 1471 870 1504 quorum
902 1460 974 1494 duo
998 1460 1188 1504 superiora
1213 1460 1287 1494 loco
1312 1460 1587 1495 consonantium

244 1508 489 1551 accipiebant,
520 1512 562 1541 ut
591 1508 624 1541 si
654 1508 755 1542 dicas
781 1507 978 1551 Pompelli;
1007 1518 1094 1541 nam
1124 1507 1240 1541 tribus
1263 1507 1279 1541 i
1302 1507 1438 1542 iunctis
1468 1508 1588 1551 qualis

240 1555 356 1599 possit
380 1555 522 1600 syllaba
541 1553 807 1598 pronuntiari?
832 1554 927 1599 quod
954 1554 1102 1589 Caesari
1126 1554 1328 1589 doctissimo
1353 1555 1445 1589 artis
1467 1565 1586 1600 yram-

243 1603 395 1637 maticae
415 1602 594 1646 placitum
619 1613 642 1636 a
665 1601 803 1636 Victore
828 1612 964 1646 quoque
988 1602 1030 1636 777
1054 1605 1130 1636 arte
1153 1601 1392 1647 yrammatica
1416 1601 1458 1636 de
1476 1602 1586 1647 sylla-

245 1650 298 1684 bis
323 1649 583 1693 comprobatur.

342 1696 450 1731 Prob.
482 1696 572 1731 Inst.
605 1695 686 1730 Art.
720 1706 758 1739 p.
786 1698 845 1738 50,
875 1697 921 1730 21
960 1695 1013 1730 ed.
1047 1695 1134 1730 Keil
1172 1695 1350 1739 (Gramm.
1382 1695 1466 1730 Lat.
1498 1695 1586 1738 IV).

243 1744 345 1778 Nam
381 1754 462 1778 cum
504 1753 622 1778 omnes
658 1743 750 1777 artis
784 1743 930 1785 latores,
968 1743 1230 1787 praecipueque
1263 1742 1406 1785 Caesar,
1438 1747 1588 1787 propter

245 1791 425 1826 rationem
455 1790 638 1826 metricam
668 1794 700 1824 et
730 1794 995 1825 structurarum
1026 1790 1218 1834 qualitates
1241 1790 1471 1835 siuyularum
1497 1790 1588 1824 litte-

243 1849 370 1873 rarum
401 1848 505 1872 sonos
531 1838 793 1881 ponderarent,
824 1837 891 1871 hac
921 1837 1063 1872 ratione
1094 1837 1317 1872 semivocales
1344 1837 1453 1871 mutis
1478 1848 1585 1881 prae-

243 1885 412 1928 ferendas
448 1885 719 1928 indicaverunt,
758 1884 852 1929 quod
888 1884 1112 1919 semivocales
1147 1885 1349 1930 geminatae
1380 1884 1429 1918 ad
1459 1894 1586 1918 sonum

244 1932 428 1967 vocalibus
453 1935 664 1973 occurrunt,
689 1932 753 1965 hoc
777 1935 828 1966 est
851 1935 892 1966 ut
915 1932 1094 1977 syllabam
1116 1932 1234 1974 facere
1253 1931 1407 1975 possint,
1431 1935 1472 1966 ut
1491 1935 1586 1974 puta

243 1979 295 2023 sla
319 1990 381 2013 ars
405 1989 506 2013 mons
529 1979 626 2013 iners
650 1982 682 2013 et
706 1983 820 2013 cetera
844 1979 958 2021 talia,·
988 1982 1027 2013 at
1050 1989 1132 2013 vero
1156 1983 1275 2013 mutae
1299 1978 1519 2023 yeminatae,
1553 1978 1586 2012 si

244 2027 429 2061 vocalibus
459 2029 651 2060 occurrant
679 2037 743 2060 7766
766 2025 946 2071 syllabam
969 2037 1034 2060 nec
1057 2036 1185 2060 sonum
1208 2025 1342 2060 scilicet
1364 2025 1482 2067 facere
1502 2035 1585 2068 pos-

243 2074 327 2109 sint.
377 2073 458 2118 97773
489 2073 584 2107 6777777
615 2073 635 2106 b
660 2083 678 2107 c
702 2073 726 2107 d
750 2073 772 2107 17
792 2084 821 2117 p
846 2083 867 2117 9
892 2077 906 2107 t
930 2084 953 2118 9
988 2074 1189 2118 yeminatas
1224 2072 1408 2107 vocalibus
1439 2072 1585 2107 misceat

244 2125 276 2156 et
301 2131 428 2156 sonum
452 2120 613 2165 syllabae
634 2123 749 2163 potest
772 2118 927 2154 audire?

516 2243 679 2278 LIBRI
698 2242 941 2278 SECUNDI
962 2242 1318 2278 FRAGMENTA.

341 2307 480 2342 Charis.
500 2308 527 2342 I
543 2319 580 2351 p.
602 2310 684 2349 130,
708 2310 731 2342 6
756 2307 804 2341 K
833 2307 1011 2349 (Gramm
1038 2307 1122 2342 Lat
1143 2308 1192 2350 I).
1237 2307 1361 2353 Fayos
1388 2307 1431 2342 G.
1454 2306 1587 2342 Caesar

245 2355 287 2389 cle
313 2355 489 2400 analoyia
513 2355 576 2389 II:
600 2354 706 2399 fagos
731 2353 886 2399 populos
912 2353 1041 2388 ulmos

342 2402 480 2437 Charis.
507 2403 535 2436 I
555 2413 593 2446 p.
621 2404 702 2444 135,
727 2404 776 2437 20
802 2401 850 2435 Κ.
901 2402 1018 2437 Lacer
1042 2413 1092 2436 an
1118 2380 1270 2437 laceris?
1301 2405 1342 2437 ut
1366 2405 1462 2437 tener
1481 2412 1584 2446 puer.
