1638 2600
529 127 588 161 VI.
624 126 688 160 DE
715 125 892 160 ASTRIS.
1302 126 1321 165 1
1329 125 1382 166 51

135 222 323 258 Comment.
351 221 462 256 Bern.
489 222 531 255 in
556 221 697 255 Lucan.
720 220 771 262 X,
794 222 877 255 187.
922 220 993 255 Est
1018 224 1136 255 autem
1163 220 1250 255 liber
1274 221 1385 263 fasto-

41 282 122 306 rum
134 270 226 305 Divi
239 269 332 303 Iulii
347 268 525 310 Caesaris,
545 269 608 313 qui
627 268 891 303 ordinationem
911 268 1067 303 continet
1086 268 1179 302 anni
1191 269 1387 303 seeundum

42 317 290 353 auctoritatem
315 316 520 359 conpositus
547 315 827 357 Chaldaeorum,
860 326 962 359 quem
994 315 1035 349 in
1058 319 1186 350 senatu
1210 316 1385 351 recitavit.

132 365 263 399 Ioann.
296 363 472 398 Laurent.
505 363 601 408 Lyd.
633 363 676 397 cle
710 362 840 397 Ostent.
876 373 913 406 p.
941 364 1026 404 381,
1052 365 1074 396 9
1105 362 1215 397 Beklc.
1256 366 1338 405 155,
1365 365 1387 397 3

44 412 221 447 Waehsm.
272 410 347 445 Καὶ
384 415 500 444 ταῦτα
539 409 605 454 μὲν
643 409 662 444 ὁ
694 410 860 449 Κλώδιος
895 409 934 443 ἐκ
965 415 1037 444 τῶν
1069 409 1170 452 παρὰ
1207 410 1388 450 Θούσκοις

39 458 148 503 ἱερῶν
179 457 271 501 πρὸς
295 455 409 499 λέξιν·
443 458 506 492 καὶ
533 457 600 491 οὐκ
626 456 737 496 αὐτὸς
763 454 890 500 μόνος,
917 456 1006 490 ἀλλὰ
1033 456 1106 501 μὴν
1132 457 1194 491 καὶ
1222 455 1388 499 Εὔδοξός

38 518 75 541 τε
108 505 127 540 ὁ
156 504 285 548 πολύς,
312 503 542 549 Δημόκριτος
566 510 708 548 πρῶτος
733 504 875 547 αὐτῶν,
909 502 1061 547 Βάρρων
1086 516 1123 538 τε
1152 504 1170 539 ὁ
1198 503 1388 548 Ῥωμαῖος,

23 551 250 598 ’Ἵππαρχος,
282 550 551 596 Μητρόδωρος,
589 552 652 586 καὶ
690 549 765 596 μετ’
796 551 931 590 αὐτοὺς
963 550 981 585 ὁ
1015 554 1178 595 Καῖσαρ,
1209 553 1292 596 περὶ
1324 557 1389 596 τῆς

42 597 228 645 ἐφημέρου
254 605 326 634 τῶν
353 597 591 643 φαινομένων
617 598 784 643 ἐπιτολῆς
808 611 846 632 τε
871 599 935 632 καὶ
961 599 1120 642 δυσμῶν.

134 647 263 682 Claud.
291 647 440 681 Ptolem.
467 646 701 690 Apparition.
735 657 774 690 p.
801 648 877 681 259
909 646 1084 680 Wachsm.
1136 647 1210 680 Καὶ
1248 647 1388 682 τούτων

39 692 236 740 ἀνέγραψα
268 693 333 733 τὰς
365 691 623 737 ἐπισημασίας,
661 693 725 728 καὶ
757 690 938 734 κατέταξα
969 691 1063 726 κατά
1098 705 1133 727 τε
1167 692 1389 739 Αἰγυπτίους

40 742 104 776 καὶ
130 739 330 784 Δοσίθεον,
358 739 554 784 Φίλιππον,
580 739 808 783 Κάλλιππον,
841 739 1082 784 Εὐκτήμονα,
1108 738 1286 785 Μέτωνα,
1314 740 1387 776 Κό-

39 802 159 832 νωνα,
186 786 455 832 Μητρόδωρον,
483 788 662 832 Εὔδοξον,
687 786 871 832 Καίσαρα,
899 785 1144 832 Δημόκριτον,
1161 785 1386 834 Ἵππαρχον·

38 836 178 871 τούτων
204 834 244 870 δὲ
265 835 458 880 Αἰγύπτιοι
484 834 664 879 ἐτήρησαν
686 833 776 878 παρ’
800 834 900 879 ἡμῖν,
920 833 1105 874 Δοσίθεος
1125 833 1165 869 δὲ
1186 835 1226 870 ἐν
1246 839 1309 882 Κῷ
1332 864 1339 870 .
1356 864 1362 870 .
1381 865 1388 871 .

0 917 1 922 ,
38 886 184 926 Καῖσαρ
218 886 278 926 (em
304 883 394 917 coni.
422 883 617 926 Waehsm.)
644 881 684 917 ἐν
710 881 862 930 Σικελίᾳ
887 883 951 916 καὶ
975 880 1112 929 Ἰταλία
1141 911 1147 917 .
1171 910 1177 916 .
1200 911 1206 917 .
1235 883 1304 918 Διὸ
1332 885 1391 918 δεῖ

0 950 1 962 ι
39 929 193 975 μάλιστα
225 928 446 974 ἐφαρμόζειν
477 928 543 969 τὰς
574 928 640 973 μὲν
670 935 743 964 τῶν
780 928 988 975 Αἰγυπτίων
1026 928 1269 974 ἐπισημασίας
1308 937 1390 971 ταῖς

41 978 126 1021 περὶ
152 982 284 1012 τοῦτον
310 977 375 1011 τὸν
400 976 634 1021 παράλληλον
659 977 805 1022 χώραις,
831 975 929 1011 τοῦτ’
961 976 1031 1011 ἴστι
1056 976 1147 1011 καθ’
1173 975 1216 1012 ὃν
1240 977 1263 1022 ἡ
1290 977 1390 1024 μεγί-

39 1036 103 1069 στη
130 1030 202 1060 τῶν
228 1024 371 1069 ἡμερῶν
391 1025 496 1068 ὡρῶν
516 1024 613 1059 ἐστιν
633 1023 686 1058 ιδ’
709 1022 943 1068 ἰσημερίνων·
970 1024 1036 1064 τὰς
1056 1023 1096 1058 δὲ
1117 1024 1305 1060 Δοσιθέου
1325 1026 1390 1060 καὶ

41 1070 242 1115 Φιλίππου,
274 1070 365 1106 καθ’
397 1070 440 1107 ὄν
472 1070 568 1106 ἔστιν
599 1071 621 1116 ἡ
656 1069 802 1116 μεγίστη
834 1077 907 1106 τῶν
938 1071 1082 1115 ἡμερῶν
1108 1072 1211 1116 ὡρῶν
1238 1072 1290 1108 ιδ’
1320 1073 1388 1111 ς”·

38 1118 105 1159 τὰς
142 1118 182 1153 δὲ
214 1117 448 1163 Δημοκρίτου
487 1119 551 1152 καὶ
583 1117 770 1162 Καίσαρος
807 1119 870 1153 καὶ
903 1117 1126 1164 Ἱππάρχου,
1164 1119 1255 1155 καθ’
1288 1119 1331 1156 ὃν
1367 1121 1388 1166 ἡ

41 1164 189 1211 μεγίστη
215 1172 287 1201 τῶν
316 1165 456 1210 ἡμερῶν
482 1166 587 1209 ὡρῶν
613 1165 710 1200 ἐστιν
737 1164 955 1210 ἰσημερίνων
983 1165 1043 1200 ιε’.

139 1353 249 1398 (Cum
285 1354 352 1396 eis,
390 1365 481 1398 quae
518 1365 561 1388 eac
586 1354 713 1389 Plinio
739 1355 997 1399 excerpsimus,
1031 1356 1280 1400 comparanda
1305 1362 1391 1393 sunt

43 1401 183 1436 scholia
207 1402 248 1435 in
276 1401 532 1436 Germanicum
559 1413 596 1445 p.
623 1403 758 1446 203341.
786 1402 838 1436 ed.
865 1402 1049 1447 Breysiy.)

134 1449 233 1483 Plin.
260 1449 350 1483 Nat.
376 1448 475 1484 Hist.
498 1449 656 1491 XVIII,
675 1451 757 1483 234.
803 1449 839 1483 A
865 1450 993 1484 bruma
1017 1450 1059 1484 in
1083 1450 1275 1493 favonium
1303 1451 1389 1486 Cae—

39 1496 117 1531 sari
152 1496 293 1530 nobilia
329 1496 450 1530 sidera
487 1496 714 1541 siqnifileant,
746 1497 820 1531 III
848 1497 919 1531 kal.
952 1497 1036 1531 Ian.
1070 1498 1249 1533 matutino
1287 1500 1391 1534 oanis

41 1543 202 1578 occidens
240 1570 247 1577 .
277 1571 284 1577 .
313 1571 319 1577 .
354 1543 477 1588 pridie
514 1554 632 1578 nonas
669 1544 753 1578 Ian.
796 1544 945 1579 Caesari
982 1545 1174 1589 delphinus
1211 1547 1391 1581 matutino

39 1591 200 1626 exoritur
231 1595 263 1625 et
288 1595 430 1635 postero
462 1591 520 1625 die
544 1591 706 1634 fidicula.
734 1613 778 1616 —
806 1592 954 1626 Ptolem.
981 1592 1153 1636 Apparit.
1183 1592 1319 1628 Choeac
1341 1596 1391 1628 29

41 1639 101 1681 (=
122 1637 228 1719 VgIII
241 1638 310 1672 kal.
331 1639 433 1682 Ian.)
460 1636 621 1682 Καίσαρι
647 1639 711 1673 καὶ
736 1640 977 1686 Μητροδώρῳ
1004 1638 1252 1684 ἐπισημαίνει·
1274 1641 1391 1685 ἀκρα-

41 1683 101 1719 σία
126 1684 150 1718 o'c
172 1697 245 1728 ρος.

134 1732 234 1766 Ptin.
255 1732 344 1767 Nat.
365 1732 463 1767 Hist.
480 1732 638 1775 XVIII,
651 1735 734 1768 235.
774 1734 865 1768 Item
884 1734 933 1768 ad
953 1733 1013 1767 VI
1026 1734 1111 1768 idus
1129 1735 1214 1769 Ian.
1234 1735 1392 1771 eiusdem

41 1779 204 1824 delphini
227 1780 427 1823 vespertino
453 1790 582 1815 occasu
607 1781 772 1815 continui
797 1781 872 1816 dies
897 1781 1057 1816 hiemant
1080 1782 1227 1824 Italiae,
1255 1787 1287 1818 et
1311 1794 1392 1818 eum

42 1827 96 1862 sol
120 1827 162 1861 in
187 1827 382 1871 aquarium
400 1828 579 1862 sentiatur
597 1829 767 1871 transire,
791 1828 887 1872 quod
903 1829 978 1871 fere
998 1828 1105 1862 XVI
1125 1829 1272 1872 (XVII
1284 1831 1390 1865 schol.

43 1873 229 1917 German.)
261 1875 332 1909 kal.
366 1874 472 1909 Febr.
506 1876 630 1910 evenit.
687 1875 792 1909 VIII
823 1876 893 1910 kal.
928 1876 1032 1911 stella
1067 1877 1169 1922 reyia
1206 1878 1393 1921 appellata

44 1920 226 1956 Tuberoni
261 1922 303 1956 in
333 1926 475 1966 pectore
513 1923 625 1957 leonis
656 1923 786 1958 oceidit
820 1923 1018 1965 matutino,
1054 1928 1087 1958 et
1119 1924 1242 1968 pridie
1272 1936 1392 1960 nonas

43 1967 128 2003 Feb.
155 1969 308 2012 fidicula
332 1980 487 2013 vespera.
515 1991 560 1994 —
593 1970 746 2005 Ptolem.
774 1971 945 2015 Apparit.
974 1971 1068 2017 Tybi
1094 1974 1139 2006 15
1167 1974 1227 2015 (=
1248 1972 1314 2006 IV
1331 1973 1390 2007 Id.

41 2015 141 2059 Ian.)
150 2029 161 2050 .·
174 2014 385 2061 Αἰγυπτίοις
404 2017 468 2051 καὶ
482 2015 644 2061 Καίσαρι
663 2015 770 2057 νότος
788 2018 913 2062 πολὺς,
939 2019 1003 2052 καὶ
1023 2017 1272 2063 ἐπισημαίνει·
1295 2019 1390 2054 κατὰ

43 2061 237 2098 θάλασσαν
268 2063 403 2109 βροντὴ
436 2065 499 2098 καὶ
531 2063 667 2109 ψακάς.
722 2065 816 2110 Tybi
845 2068 895 2100 22
927 2068 988 2109 (=
1010 2066 1116 2100 XVI
1141 2067 1212 2101 kal.
1246 2067 1392 2110 Febr).-

43 2107 202 2154 Καίσαρι
222 2110 351 2155 ἄνεμοι
371 2110 539 2155 σφοδροί.
588 2112 682 2157 Tybi
699 2115 748 2147 24
774 2115 835 2156 (=
852 2113 957 2148 XIV
971 2114 1041 2148 kal.
1058 2114 1182 2157 Febr.)
1191 2128 1202 2147 .·
1228 2112 1392 2157 Καίσαρι

44 2157 105 2191 καὶ
144 2157 355 2202 Εὐκτήμονι
392 2159 538 2204 χειμών.
589 2160 706 2194 Laur.
743 2160 838 2206 Lyd.
872 2161 915 2195 de
952 2172 1058 2196 mens.
1092 2161 1163 2203 IV,
1197 2164 1242 2195 14
1275 2173 1313 2205 Ρ.
1343 2164 1392 2196 65

43 2203 95 2238 ed.
128 2204 259 2239 Schow.
294 2205 365 2249 πρὸ
399 2207 577 2251 δεκαμιᾶς
602 2209 802 2242 Καλενδῶν
831 2206 1091 2254 Φεβρουαρίων
1122 2208 1188 2242 τὸν
1219 2207 1324 2253 ἥλιον
1351 2208 1391 2243 ἐν

44 2249 209 2298 ὑδροχόῳ
235 2250 410 2297 γενέσθαι
437 2253 455 2288 ὁ
482 2257 626 2297 Καῖσαρ
652 2252 758 2300 λέγει.

139 2299 238 2333 Plin.
266 2299 354 2335 Nat.
382 2301 479 2336 Hist.
507 2301 666 2344 XVIII,
690 2305 775 2337 237.
826 2302 862 2337 A
885 2303 1036 2346 favonio
1060 2304 1101 2337 in
1126 2304 1392 2347 aequinoctium

0 2371 1 2375 ,
47 2355 195 2380 vernum
217 2346 365 2381 Caesari
389 2348 572 2393 siynifteat
591 2349 697 2383 XIV
716 2350 787 2384 kal.
810 2350 925 2385 Mart.
948 2351 1111 2386 triduum
1137 2352 1392 2395 (quatriduum

44 2392 148 2427 schol.
173 2393 365 2437 German.)
404 2396 515 2438 varie,
540 2400 572 2431 et
603 2396 708 2431 VIII
728 2398 797 2432 kal.
837 2398 1050 2433 hirundinis
1083 2399 1163 2433 visu
1196 2403 1228 2433 et
1247 2403 1391 2443 postero
