1638 2600
555 98 655 135 OAP.
684 99 945 135 XXII—XXV.
1344 102 1424 143 121

78 196 308 251 Pompeius
360 210 455 237 cum
505 195 884 250 animadverteret,
941 197 1115 240 castello
1166 213 1210 239 se
1261 198 1425 239 excludi

79 259 285 316 Aspavia,
325 260 438 315 quod
476 263 541 302 est
578 261 629 302 ab
669 259 809 303 Ucubi
849 261 967 303 milia
1004 277 1206 317 passuum
1246 275 1287 317 v,
1324 263 1426 305 haec

79 341 145 368 res
190 325 425 368 necessario
464 325 714 379 devocabat,
757 328 806 366 ut
842 326 894 366 ad
934 326 1221 368 dimicandum
1260 327 1425 369 descen-

80 391 215 445 deret3
247 404 383 445 neque
410 392 552 431 tamen
578 404 712 445 aequo
738 390 831 431 loeo
858 391 924 432 sui
951 394 1208 445 potestatem
1233 393 1427 447 faciebat,

77 457 152 498 sed
184 471 235 498 ex
267 470 418 511 grumo
449 490 456 496 .
480 490 515 496 ..
545 456 758 497 excelsum
785 455 999 497 tumulum
1026 457 1261 512 capiebant,
1292 472 1426 512 usque

79 535 141 575 eo,
168 524 215 562 ut
240 521 476 562 necessario
504 524 724 576 cogeretur
749 520 943 574 iniquum
969 521 1110 563 locum
1137 523 1290 564 subire.
1332 522 1425 572 Quo
1452 535 1471 562 3

78 585 129 627 de
161 585 274 627 facto
307 600 402 627 cum
432 589 710 640 utrorumque
736 585 883 640 copiae
909 586 1123 627 tumulum
1150 587 1425 629 excellentem

77 651 304 705 petissent,
352 651 559 705 prohibiti
611 666 635 692 a
684 651 842 692 nostris
892 654 992 692 sunt
1041 651 1191 693 deiecti
1237 652 1424 706 planitie.

78 715 195 765 Quae
226 731 293 758 res
327 716 558 758 secundum
589 716 747 758 nostris
779 715 991 758 efficiebat
1023 716 1244 770 proelium.
1294 717 1425 759 Undi-
1451 729 1471 759 4

77 795 159 835 que
191 781 440 823 cedentibus
473 780 724 823 adversariis
757 795 842 822 non
874 796 1024 835 parum
1050 795 1205 837 magna
1230 782 1273 823 in
1300 783 1424 824 caede

75 846 368 888 versabantur.
444 846 608 896 Quibus
658 860 779 887 mons
829 845 975 900 saluti,
1025 861 1111 888 non
1160 847 1297 889 virtus
1341 848 1425 889 suit
1452 857 1471 888 5

76 910 282 965 subsidio,
314 914 379 965 ut,
418 912 501 952 nisi
534 911 868 965 advesperasset,
908 926 932 952 a
963 912 1234 966 paucioribus
1266 913 1425 954 nostris

76 976 193 1017 omni
233 976 393 1017 auxilio
432 976 587 1030 privati
626 978 778 1017 essent.
839 975 952 1018 Nam
985 976 1227 1018 ceciderunt
1258 992 1310 1019 ex
1340 977 1424 1018 levi
1452 989 1471 1017 (5

74 1044 291 1082 armatura
325 1052 562 1095 CCCXXIIII,
602 1056 652 1082 ex
691 1041 939 1096 legionariis
978 1052 1207 1096 CXXXVIII,
1242 1045 1424 1096 praeter-

76 1121 205 1160 quam
241 1121 422 1161 quorum
456 1121 573 1147 arma
603 1109 646 1147 et
677 1105 815 1160 spolia
846 1109 946 1148 sunt
978 1106 1129 1148 ablata.
1192 1105 1258 1147 Ita
1288 1107 1424 1161 pridie

74 1171 256 1213 duorum
311 1171 609 1213 centurionum
672 1171 896 1213 internicio
951 1171 1030 1213 hae
1086 1171 1424 1214 adversariorum

74 1250 211 1290 poena
243 1238 309 1277 est
340 1235 474 1277 litata.

162 1299 296 1342 XXV.
358 1299 605 1355 Insequenti
650 1301 716 1342 die
760 1301 852 1355 pari
893 1301 1198 1343 consuetudine
1236 1317 1332 1344 cum
1371 1303 1424 1344 ad
1452 1314 1467 1344 1

73 1365 254 1407 eundem
291 1365 432 1407 locum
471 1366 561 1407 eius
594 1366 853 1420 praesidium
884 1366 1089 1421 venisset,
1126 1367 1309 1420 pristino
1348 1368 1422 1409 illo

71 1444 149 1472 suo
178 1430 409 1472 utebantur
434 1430 653 1472 instituto:
684 1445 783 1472 nam
808 1434 977 1485 praeter
1003 1431 1168 1486 equites
1195 1431 1303 1473 nulli
1330 1432 1422 1474 loco

72 1509 205 1550 aequo
245 1511 288 1537 se
326 1496 592 1537 committere
624 1496 847 1538 audebant.
910 1495 1016 1537 Cum
1049 1497 1186 1538 nostri
1218 1497 1262 1538 in
1296 1512 1421 1552 opere

70 1561 235 1603 distenti
266 1563 419 1615 essent,
450 1561 643 1615 equitum
676 1562 820 1616 copiae
853 1576 1083 1603 concursus
1112 1562 1251 1604 faeere
1278 1577 1421 1617 coepe-

70 1628 188 1680 runt,
226 1625 438 1681 simulque
475 1625 810 1668 vociferantibus
847 1626 1112 1682 legionariis,
1152 1638 1248 1669 cum
1280 1627 1421 1669 locum

70 1690 450 1747 efflagitarent,·ut
480 1691 672 1732 consueti
703 1691 872 1746 insequi
905 1717 959 1721 —
992 1692 1237 1734 existimare
1273 1707 1421 1747 posses

69 1755 363 1810 paratissimos
396 1771 487 1798 esse
519 1756 572 1797 ad
604 1756 892 1798 dimicandum
927 1783 981 1786 —
1013 1757 1150 1798 nostri
1183 1772 1235 1799 ex
1265 1757 1421 1799 humili

70 1819 260 1862 convalle
285 1820 391 1862 bene
416 1820 543 1876 longe
569 1824 670 1862 sunt
694 1822 855 1877 egressi
881 1825 924 1864 et
948 1822 1127 1876 planitie
1154 1823 1199 1864 in
1219 1823 1420 1878 aequiore

69 1884 162 1927 loco
207 1886 500 1927 constiterunt.
568 1884 639 1927 Illi
682 1890 825 1929 tamen
868 1886 1017 1941 procul
1061 1887 1190 1928 dubio
1231 1887 1284 1928 ad
1322 1902 1417 1929 con-
1445 1899 1463 1928 .3

71 1950 348 2005 grediendum
374 1951 418 1992 in
444 1966 626 2006 aequum
651 1951 793 1993 locum
819 1967 903 1994 non
929 1954 1031 1994 sunt
1055 1952 1147 1994 ausi
1167 1952 1419 1994 descendere

70 2018 237 2069 praeter
274 2030 407 2058 unum
438 2014 677 2057 Antistium
715 2016 992 2071 Turpionem3
1037 2017 1111 2071 qui
1148 2016 1284 2058 fidens
1322 2018 1418 2058 viri-

70 2079 151 2120 bus
194 2095 246 2122 ex
284 2081 536 2123 adversariis
575 2081 658 2122 sibi
695 2096 840 2136 parem
879 2096 970 2123 esse
1006 2082 1219 2123 neminem
1258 2083 1420 2137 agitare

73 2145 223 2199 coepit.
289 2145 390 2201 Hic,
440 2149 488 2188 ut
536 2146 673 2188 fertur
721 2145 904 2188 Achillis
947 2146 1273 2201 Memnonisque
1323 2161 1418 2188 con·
1445 2158 1466 2188 4

73 2222 262 2264 gressus,
293 2210 340 2260 Q.
371 2210 600 2266 Pompeius
631 2210 779 2268 Niger,
814 2226 942 2267 eques
974 2212 1192 2253 Romanus
1225 2210 1418 2253 Italicen-

73 2273 151 2327 sis,
188 2288 240 2315 ex
278 2275 365 2317 acie
402 2278 549 2317 nostra
586 2276 637 2317 ad
669 2276 1026 2332 congrediendum
1058 2290 1310 2332 progressus
1343 2280 1417 2318 est.

71 2336 282 2386 Quoniam
307 2338 505 2382 ferocitas
518 2340 711 2395 Antistii,
736 2341 875 2383 laudis
901 2342 1088 2397 insignia
1113 2344 1417 2396 scutorumque
1444 2353 1464 2384 5

144 2412 179 2440 o,
196 2413 336 2440 tumus
357 2414 523 2442 CAESAR.
556 2417 612 2442 111.
1256 2415 1275 2446 9

1448 1508 1467 1538 [Q
