1638 2600
572 102 673 138 CAP.
699 102 942 137 XVIII—XX.
1367 101 1423 141 59

80 202 205 240 turae
243 201 393 252 quater
429 200 567 252 tanto,
605 198 839 253 sagittariis
871 212 918 240 ac
957 187 1245 239 funditoribus
1274 196 1423 250 hippo-

82 262 328 316 toxotisque
354 262 662 316 compluribus:
693 262 760 303 his
781 263 914 316 copiis
940 263 1045 316 prid.
1065 261 1175 303 Non.
1201 260 1301 314 Ian.‚
1326 263 1424 314 post

84 326 196 368 diem
226 337 286 380 VI,
318 340 445 380 quam
471 325 659 368 Africam
697 325 850 368 Caesar
881 327 1038 381 attigit,
1072 326 1116 367 in
1147 326 1306 379 campis
1338 324 1423 378 pla-

82 390 271 432 nissimis
309 391 633 445 purissimisque
671 390 723 431 ab
763 389 869 431 hora
906 391 989 432 diei
1021 392 1170 445 quinta
1206 404 1340 444 usque
1372 389 1424 430 ad

84 454 186 497 solis
219 468 413 496 occasum
446 457 510 496 est
542 455 812 496 decertatum.
874 453 924 495 In
956 469 1005 496 eo
1036 454 1198 508 proelio
1230 453 1422 495 Petreius

84 519 271 575 graviter
302 519 412 560 ictus
444 533 496 560 ex
528 520 616 561 acie
647 518 831 560 recessit.

171 583 263 624 XX.
306 582 459 625 Caesar
485 584 655 625 interim
675 586 812 625 castra
836 583 1001 624 munire
1022 583 1282 638 diligentius,
1306 597 1421 637 prae-

84 648 192 690 sidia
233 648 402 690 firmare
441 649 574 702 copiis
617 648 849 689 maioribus
886 646 1131 701 vallumque
1173 648 1224 689 ab
1266 647 1421 702 oppido

83 712 276 766 Ruspina
312 727 446 767 usque
485 713 537 754 ad
576 727 692 754 mare
732 712 882 753 ducere
923 714 966 752 et
997 726 1021 752 a
1052 712 1202 753 castris
1241 711 1422 753 alterum

84 777 242 831 eodem,
274 791 357 831 quo
389 778 524 818 tutius
549 777 662 819 ultro
689 776 879 830 citroque
899 779 1160 818 commeatus
1181 775 1422 829 auxiliaque

84 842 174 883 sine
205 841 393 896 periculo
421 842 503 883 sibi
530 854 773 884 succurrere
799 843 986 896 possent,
1016 840 1102 882 tela
1126 842 1422 894 tormentaque

85 921 136 948 ex
167 906 346 947 navibus
378 906 422 948 in
453 909 592 948 castra
622 907 900 959 comportare,
934 905 1144 960 remigum
1175 907 1340 959 partem
1371 919 1423 945 ex

83 970 236 1025 classe,
275 969 512 1025 Gallorum,
549 969 835 1024 Rhodiorum,
874 969 1224 1023 epibatarumque
1260 983 1423 1010 armare

84 1038 128 1077 et
163 1035 207 1076 in
247 1037 385 1076 castra
422 1049 613 1090 evocare,
655 1034 738 1088 uti,
783 1034 819 1074 si
857 1037 1019 1088 posset,
1063 1034 1208 1076 eadem
1247 1034 1424 1088 ratione,

84 1113 169 1154 qua
198 1098 445 1153 adversarii,
482 1099 588 1140 levis
620 1101 835 1139 armatura
866 1099 1087 1140 interiecta
1118 1099 1229 1140 inter
1259 1098 1422 1152 equites

84 1177 184 1205 suos
215 1163 567 1217 interponeretur,
600 1163 918 1218 sagittariisque
944 1178 995 1204 ex
1021 1163 1218 1204 omnibus
1243 1163 1423 1204 navibus

83 1226 251 1282 Ityreis‚
280 1226 400 1282 Syris
425 1230 468 1269 et
493 1227 698 1281 cuiusque
724 1227 889 1282 generis
917 1227 1054 1269 ductis
1080 1228 1125 1268 in
1151 1229 1289 1268 castra
1314 1242 1423 1268 com-

82 1292 277 1346 pluribus
325 1292 594 1346 frequentare
644 1305 741 1332 suas
787 1292 930 1345 copias
970 1316 1029 1321 -—
1072 1291 1269 1333 audiebat
1312 1292 1423 1332 enim

84 1356 327 1411 Scipionem
358 1359 456 1410 post
487 1356 599 1397 diem
631 1355 807 1397 tertium
840 1356 930 1396 eius
963 1355 1067 1409 diei,
1099 1370 1183 1409 quo
1214 1356 1424 1410 proelium

83 1422 243 1463 factum
275 1423 384 1474 erat,
416 1420 773 1474 adpropinquare,
805 1420 947 1474 copias
980 1434 1078 1461 suas
1110 1434 1206 1461 cum
1236 1419 1423 1462 Labieno

84 1488 127 1527 et
161 1485 330 1526 Petreio
369 1485 643 1539 coniungere3
684 1484 804 1526 cuius
837 1484 981 1539 copiae
1019 1484 1237 1539 legionum
1269 1496 1352 1526 VIII
1383 1488 1426 1526 et

83 1550 275 1605 equitum
300 1560 351 1590 111
381 1549 548 1590 milium
578 1563 668 1590 esse
699 1549 1008 1590 nuntiabantur
1031 1573 1090 1579 —
1122 1549 1314 1590 officinas
1344 1550 1424 1591 fer-

83 1615 216 1656 rarias
247 1614 474 1668 instruere,
515 1614 695 1669 sagittas
728 1613 896 1668 telaque
927 1614 992 1655 uti
1022 1614 1174 1655 fierent
1206 1612 1425 1667 complura

83 1694 248 1733 curare,
289 1678 462 1733 glandes
500 1678 695 1733 fundere,
733 1679 859 1720 sudes
891 1692 1153 1732 comparare,
1184 1677 1349 1719 litteras
1380 1678 1425 1719 in

67 1738 274 1786 ‘Siciliam
305 1743 563 1797 nuntiosque
593 1743 784 1798 mittere,
820 1746 870 1784 ut
907 1743 989 1784 sibi
1021 1746 1156 1784 crates
1188 1743 1425 1784 materiem-

85 1823 166 1863 que
210 1810 485 1862 congererent
529 1808 582 1848 ad
625 1807 795 1862 arietes,
839 1807 959 1848 cuius
1003 1807 1148 1862 inopia
1191 1807 1236 1848 in
1278 1806 1426 1848 Africa

85 1875 212 1927 esset,
248 1875 466 1926 praeterea
494 1872 673 1926 ferrum,
710 1872 935 1926 plumbum
966 1872 1219 1913 mitteretur.
1280 1871 1424 1913 Etiam

83 1938 272 1979 animum
305 1937 550 1978 advertebat
579 1937 797 1978 frumento
829 1951 873 1978 se
904 1936 949 1977 in
978 1935 1126 1977 Africa
1155 1936 1240 1977 nisi
1271 1936 1425 1990 impor-

84 2002 231 2044 taticio
255 2001 321 2042 uti
346 2016 432 2043 non
462 2016 604 2056 posse:
636 2002 777 2056 priore
804 2016 912 2043 anno
940 2001 1052 2042 enim
1082 2003 1258 2054 propter
1284 2001 1425 2042 adver-

85 2066 294 2108 sariorum
337 2065 534 2120 dilectus,
579 2066 692 2120 quod
736 2065 1001 2119 stipendiarii
1040 2067 1226 2106 aratores
1267 2064 1425 2106 milites

87 2134 226 2172 essent
267 2131 387 2185 facti,
429 2144 610 2172 messem
647 2145 732 2172 non
771 2145 861 2172 esse
902 2130 1076 2183 factam3
1119 2132 1337 2183 praeterea
1374 2145 1426 2171 ex

88 2195 202 2236 omni
238 2193 386 2236 Africa
421 2195 684 2236 frumentum
723 2194 986 2236 adversarios
1023 2194 1067 2234 in
1105 2208 1239 2247 pauca
1270 2194 1426 2248 oppida

87 2261 130 2300 et
158 2259 263 2300 bene
288 2259 454 2300 munita
479 2262 766 2314 comportasse
792 2272 1044 2312 omnemque
1070 2258 1287 2312 regionem
1312 2258 1424 2299 Afri-

88 2337 159 2364 cae
178 2323 415 2365 exinanisse
441 2324 668 2378 frumento7
701 2324 856 2378 oppida
880 2325 1049 2377 praeter
1074 2336 1123 2363 ea
1147 2337 1291 2377 pauca,
1317 2338 1425 2377 quae
