1669 2574
177 844 197 874 8

181 1299 200 1328 [C

226 91 310 132 122
619 87 813 123 BELLUM
839 57 1170 122 fflspAm—EN'SE.

221 186 490 242 praefulgens
524 199 630 239 opus
662 183 870 225 caelatum
897 183 1086 224 omnium
1113 186 1276 225 mentes
1303 186 1570 225 converterat

224 252 275 292 ab
314 264 439 305 opere
479 249 532 290 ad
569 248 865 302 spectandum,
904 247 1013 288 acies
1051 251 1151 289 sunt
1185 248 1433 302 dispositae:
1471 264 1569 289 nam

224 317 334 357 inter
366 314 594 355 bellatores
625 313 839 367 principes
866 312 995 353 dubia
1020 316 1110 353 erat
1133 313 1274 367 posita
1298 313 1489 367 victoria,
1520 316 1570 354 ut

223 394 354 435 prope
380 378 595 420 videretur
618 378 746 418 finem
772 376 959 419 bellandi
986 377 1165 419 duorum
1192 378 1388 419 dirimere
1414 391 1568 432 pugna.

224 443 291 484 Ita
328 442 440 483 avidi
479 441 705 496 cupidique
744 456 917 482 suarum
953 442 1131 496 quisque
1162 443 1348 496 partium
1380 443 1570 483 virorum

224 509 525 561 fautorumque
573 505 807 547 voluntatis
856 506 1103 548 habebatur.
1177 507 1367 556 Quorum
1410 507 1571 548 virtute

225 572 370 627 alacri,
421 586 517 613 cum
562 571 614 611 ad
659 571 944 612 dimicandum
988 572 1031 612 in
1074 571 1294 625 planitiem
1339 587 1382 613 se
1427 575 1572 613 contu—

222 638 392 691 lissent,
443 636 663 691 [quorum]
705 650 849 691 pugna
892 638 1004 677 esset
1053 651 1184 690 prope
1234 636 1438 691 perfecta,
1486 636 1570 677 nisi

223 705 398 757 propter
423 702 614 756 equitum
642 715 928 756 congressum,
948 703 997 741 ut
1023 715 1150 755 supra
1177 701 1572 757 demonstravimus,

223 771 322 809 esset
359 767 584 821 dirempta,
621 766 756 807 levem
795 768 1054 807 armaturam
1092 765 1294 819 praesidii
1329 780 1455 806 031133
1485 781 1571 807 11011

222 832 349 887 longe
394 833 446 873 ab
491 846 615 886 opere
651 846 781 884 prope
825 833 964 872 castra
1005 830 1239 871 constituit.
1313 829 1391 884 Ut,
1434 831 1571 871 nostri

227 898 390 952 equites
428 897 472 938 in
510 898 682 950 receptu
722 896 821 936 dum
854 895 905 935 ad
945 896 1082 935 castra
1112 894 1307 948 redeunt,
1345 894 1573 935 adversarii

227 963 422 1016 cupidius
455 964 555 1003 sunt
583 961 776 1015 insecuti,
807 959 994 1001 universi
1021 959 1202 1001 clamore
1228 960 1340 1001 facto
1367 960 1574 1014 impetum

227 1027 444 1068 dederunt.
508 1025 575 1067 Ita
617 1028 734 1066 metu
777 1024 1010 1079 perterriti,
1055 1039 1150 1066 cum
1194 1025 1238 1065 in
1278 1024 1381 1080 fuga
1422 1029 1575 1081 3333111,

225 1091 374 1132 111111113
406 1091 576 1132 311113313
608 1091 651 1131 111
684 1092 823 1131 033113
855 1105 898 1131 33
930 1090 1153 1144 recipiunt.

314 1155 471 1197 XXVI.
499 1155 651 1197 Caesar
671 1155 725 1196 ob
745 1155 951 1196 virtutem
973 1157 1136 1196 turmae
1157 1153 1381 1196 Cassianae
1402 1155 1577 1196 donavit

227 1221 447 1263 denarium
486 1221 568 1261 tria
607 1219 726 1261 milia
764 1223 806 1261 et
843 1219 1056 1273 praefecto
1089 1223 1262 1274 torques
1295 1234 1444 1261 aureos
1475 1235 1501 1261 v
1533 1223 1576 1261 et

227 1286 311 1328 levi
338 1288 575 1327 armaturae
602 1285 821 1326 denarium
849 1285 931 1326 duo
959 1284 1087 1326 milia.
1120 1283 1214 1325 Hoc
1235 1284 1301 1325 die
1320 1283 1371 1325 A.
1391 1285 1575 1326 Baebius

228 1354 270 1392 31
296 1349 338 1391 C.
359 1350 531 1391 Flavius
558 1352 600 1391 et
625 1348 675 1390 A.
694 1349 944 1404 Trebellius,
971 1350 1136 1404 equites
1155 1349 1339 1390 Romani
1358 1348 1576 1405 Astenses,

229 1418 405 1470 argento
432 1429 563 1469 prope
589 1415 692 1456 tecti
719 1415 883 1469 equites
910 1415 961 1455 ad
989 1414 1209 1456 Caesarem
1235 1414 1577 1470 transfugerunt,

230 1481 304 1534 qui
342 1480 648 1521 nuntiaverunt
687 1480 851 1534 equites
889 1479 1106 1521 Romanos
1144 1480 1385 1520 coniurasse
1426 1480 1576 1535 omnis,

230 1546 303 1600 qui
336 1545 380 1586 in
412 1545 562 1586 0331113
588 1544 766 1599 Pompei
793 1547 944 1599 essent,
977 1547 1024 1586 ut
1049 1544 1345 1585 transitionem
1372 1544 1577 1600 facerent3

230 1611 341 1652 servi
362 1610 517 1651 indicio
539 1624 684 1651 omnes
704 1610 747 1650 in
768 1610 1004 1651 custodiam
1025 1625 1115 1651 esse
1136 1609 1361 1663 coniectos,
1382 1624 1402 1651 3
1421 1609 1576 1663 quibus

232 1675 450 1717 0003310113
483 1677 606 1728 031)13
637 1690 681 1716 33
712 1674 1005 1729 transfugisse.
1056 1673 1165 1715 Item
1197 1674 1277 1715 hoc
1310 1674 1375 1715 die
1407 1674 1576 1716 litterae

231 1742 331 1781 sunt
357 1740 598 1793 deprensae,
625 1754 729 1793 quas
755 1739 954 1781 mittebat
973 1738 1211 1781 Ursaonem
1236 1738 1308 1780 Cn.
1329 1739 1576 1793 Pompeius:

231 1804 292 1845 ‘S
320 1804 370 1845 V.
400 1803 446 1845 G.
478 1803 528 1845 E.
555 1803 606 1844 V.
667 1803 782 1858 Etsi,
819 1807 947 1858 prout
985 1806 1132 1845 nostra
1169 1803 1370 1858 felicitas,
1402 1819 1453 1845 ex
1485 1819 1575 1845 sen-

232 1869 367 1910 tentia
406 1869 669 1910 adversarios
708 1868 844 1910 adhuc
883 1869 1109 1923 propulsos
1140 1869 1350 1922 habentem,
1394 1869 1506 1923 [qui]
1539 1869 1575 1909 si

233 1948 366 1988 aequo
410 1934 503 1975 loco
548 1934 614 1975 sui
657 1936 914 1987 potestatem
958 1934 1163 1987 facerent,
1208 1932 1403 1987 celerius,
1448 1948 1575 1987 quam

185 2012 205 2041 4
232 2002 374 2041 vestra
406 1999 549 2053 opinio
582 1999 682 2053 fert,
714 1999 872 2040 bellum
906 1998 1198 2053 confecissem,
1236 1997 1309 2038 sed
1341 1998 1574 2039 exercitum

233 2065 415 2105 tironem
453 2079 538 2105 non
577 2064 734 2105 audent
771 2064 812 2104 in
853 2078 1048 2117 campum
1087 2064 1289 2104 deducere
1333 2063 1575 2118 nostrisque

233 2129 370 2171 adhuc
406 2129 505 2170 freti
546 2129 767 2183 praesidiis
806 2128 965 2169 bellum
1004 2129 1173 2170 ducunt.
1234 2127 1346 2170 Nam
1385 2128 1575 2183 singulas

234 2195 428 2236 civitates
455 2193 831 2247 circumsederunt,
863 2196 910 2234 ut
937 2193 1032 2234 inde
1065 2193 1148 2235 sibi
1175 2196 1434 2234 commeatus
1466 2193 1575 2247 capi-

187 2272 206 2301 5
234 2263 316 2301 ant.
356 2259 494 2309 Quare
526 2262 569 2300 et
600 2259 791 2300 civitates
824 2262 1064 2300 nostrarum
1096 2257 1282 2311 partium
1316 2257 1574 2298 conservabo

187 2336 207 2366 6
235 2329 276 2366 31
307 2324 466 2366 bellum
498 2324 636 2378 primo
670 2338 837 2378 quoque
870 2326 1059 2377 tempore
1093 2323 1323 2364 conficiam.
1370 2322 1574 2363 Cohortes
