1669 2574
183 119 203 158 1
213 118 267 158 lO
575 115 769 150 BELLUM
794 115 1126 151 HISPANIENSE.

132 226 153 255 4
179 214 299 268 peius
337 213 449 254 facit.
511 212 593 253 Hic
631 212 741 252 inter
779 212 905 253 duces
937 212 1043 254 duos
1073 213 1123 254 fit
1155 213 1389 268 contentio,
1426 217 1524 255 uter

135 1328 153 1357 [ὗ

180 279 298 333 prius
330 281 503 333 pontem
536 279 779 331 occuparet,
817 291 868 318 ex
902 291 986 331 qua
1010 279 1280 320 contentione
1314 278 1525 320 cotidiana

180 344 345 384 minuta
376 341 537 396 proelia
567 341 744 396 fiebant,
775 344 824 382 ut
855 341 982 383 modo
1013 342 1077 397 hi,
1109 357 1428 398 nonnumquam
1460 343 1525 384 illi

182 408 421 462 superiores
471 406 743 447 discederent.
813 406 928 455 Quae
972 422 1039 448 res
1083 422 1178 449 cum
1223 409 1274 449 ad
1320 409 1525 449 maiorem

181 472 495 514 contentionem
540 471 743 525 venisset,
787 471 838 512 ab
877 471 1071 526 utrisque
1108 474 1344 514 comminus
1381 487 1527 528 pugna

181 538 303 591 inita,
355 535 454 578 dum
499 536 693 590 cupidius
744 535 885 577 locum
929 536 1102 578 student
1143 540 1303 593 tenere,
1351 540 1527 592 propter

180 605 353 656 pontem
404 601 748 656 coagulabantur,
791 601 979 642 fluminis
1028 602 1142 655 ripas
1187 603 1526 657 adpropinquan-

180 669 245 707 tes
287 666 554 722 coangustati
595 666 995 720 praecipitabantur.
1055 665 1138 708 Hic
1188 667 1362 709 alterius
1382 669 1412 722 †
1438 682 1524 708 non

181 731 318 773 solum
350 732 480 773 morti
505 735 686 773 mortem
714 731 1039 786 exaggerabant,
1072 731 1145 772 sed
1173 732 1361 773 tumulos
1387 735 1526 773 tumu-

180 796 233 837 lis
275 796 578 851 exaequabant.
649 795 715 837 Ita
759 796 907 837 diebus
949 796 1239 851 compluribus
1280 798 1527 850 consumptis

182 862 381 916 cupiebat
413 860 577 915 Caesar,
609 861 645 902 si
678 875 762 916 qua
793 861 1040 903 condicione
1071 864 1233 916 posset,
1265 861 1527 903 adversarios

181 927 224 967 in
257 941 438 981 aequum
476 926 617 967 locum
650 926 854 968 deducere
886 930 928 968 et
964 927 1102 982 primo
1136 941 1303 981 quoque
1338 929 1528 981 tempore

182 992 231 1033 de
281 991 393 1033 bello
451 991 691 1046 decernere,
741 1007 835 1033 cum
887 992 930 1033 id
982 992 1338 1033 animadverteret
1386 991 1528 1033 adver-

182 1057 316 1098 sarios
352 1056 527 1097 minime
559 1056 677 1098 velle.

271 1120 345 1162 VI.
408 1120 525 1170 Quos
575 1122 777 1175 quoniam
828 1122 878 1163 ab
930 1121 1030 1164 Ulia
1079 1125 1331 1176 retraxerat,
1387 1125 1436 1163 ut
1485 1122 1529 1162 in

182 1200 363 1241 aequum
397 1186 633 1241 deduceret,
664 1187 798 1241 copiis
824 1187 999 1229 flumine
1025 1187 1232 1229 traductis
1257 1190 1384 1228 noctu
1412 1187 1530 1228 iubet

181 1254 303 1308 ignes
333 1251 427 1293 fieri
459 1265 656 1306 magnos:
688 1252 790 1293 item
822 1252 1116 1294 firmissimum
1149 1252 1239 1293 eius
1271 1251 1528 1306 praesidium

181 1317 396 1372 Ateguam
428 1316 723 1371 proficiscitur.
785 1316 835 1358 Id
867 1333 962 1359 cum
994 1318 1223 1372 Pompeius
1256 1333 1306 1359 ex
1337 1317 1529 1373 perfugis

182 1382 396 1435 rescisset,
448 1396 531 1436 qua
581 1382 647 1423 die
696 1382 943 1424 facultatem
986 1386 1132 1425 nactus
1174 1386 1247 1437 est,
1296 1382 1530 1435 relinquens

182 1451 335 1490 montes
361 1450 403 1488 et
429 1447 660 1502 angustias,
686 1462 805 1489 carra
836 1447 1056 1502 complura
1080 1447 1323 1502 multosque
1348 1447 1528 1488 lanistas

182 1513 362 1554 retraxit
400 1514 442 1553 et
480 1511 531 1552 ad
564 1511 803 1554 Cordubam
838 1528 881 1554 se
913 1513 1082 1567 recepit.
1146 1511 1298 1554 Caesar
1330 1512 1529 1553 munitio-

182 1578 309 1619 nibus
352 1576 567 1631 Ateguam
618 1591 864 1633 oppugnare
916 1581 959 1619 et
1002 1576 1175 1619 brachia
1217 1577 1531 1619 circumducere

184 1643 332 1698 coepit.
386 1641 464 1683 Cui
497 1642 547 1682 de
573 1641 777 1697 Pompeio
810 1658 905 1684 cum
932 1643 1108 1684 nuntius
1135 1646 1246 1684 esset
1271 1642 1449 1697 adlatus,
1481 1656 1530 1683 eo

184 1710 250 1750 die
282 1707 513 1763 proficisci,
551 1707 672 1748 cuius
704 1708 746 1749 in
780 1708 1009 1749 adventum
1041 1707 1240 1762 praesidii
1273 1722 1399 1749 causa
1431 1706 1530 1748 Cae-

184 1789 250 1816 sar
283 1773 502 1827 complura
533 1773 707 1814 castella
732 1776 990 1827 occupasset,
1021 1773 1177 1827 partim
1204 1772 1277 1813 ubi
1303 1772 1532 1827 equitatus,

183 1839 338 1895 partim
371 1838 445 1879 ubi
477 1838 685 1892 pedestris
719 1838 862 1893 copiae
895 1839 938 1879 in
971 1838 1153 1879 statione
1186 1840 1229 1879 et
1259 1837 1302 1878 in
1329 1837 1529 1878 excubitu

183 1904 333 1946 castris
365 1903 576 1958 praesidio
609 1918 700 1944 esse
731 1906 924 1958 possent,
959 1902 1030 1945 hic
1062 1903 1106 1944 in
1138 1902 1320 1944 adventu
1352 1901 1530 1956 Pompei

176 1970 345 2023 incidit,
376 1971 425 2009 ut
456 1968 668 2009 matutino
701 1971 891 2023 tempore
926 1968 1082 2010 nebula
1113 1970 1224 2009 esset
1255 1967 1530 2008 crassissima.

185 2035 252 2077 Ita
289 2034 363 2075 illa
401 2033 697 2074 obscuratione
735 2048 830 2074 cum
869 2033 1033 2088 aliquot
1064 2032 1310 2074 cohortibus
1342 2035 1384 2073 et
1416 2031 1531 2086 equi-

184 2104 276 2141 tum
316 2098 469 2140 turmis
507 2097 846 2139 circumcludunt
885 2097 1075 2139 Caesaris
1114 2097 1277 2151 equites
1315 2100 1357 2138 et
1395 2096 1530 2138 conci-

186 2167 304 2219 dunt,
336 2164 397 2205 sic
428 2165 477 2204 ut
508 2163 579 2204 vix
612 2163 653 2203 in
686 2178 735 2204 ea
766 2163 889 2204 caede
922 2162 1044 2217 pauci
1077 2162 1322 2216 effugerent.

273 2228 368 2271 VII.
431 2227 675 2282 Insequenti
720 2231 842 2269 nocte
887 2230 1026 2269 castra
1070 2241 1146 2268 sua
1183 2226 1371 2268 incendit
1408 2226 1530 2267 Pom-

184 2296 304 2350 peius
355 2298 398 2335 et
447 2297 564 2334 trans
608 2293 764 2334 flumen
805 2292 972 2334 Salsum
1018 2307 1093 2347 per
1137 2291 1348 2333 convalles
1393 2294 1532 2332 castra

185 2362 295 2402 inter
333 2360 414 2400 duo
454 2358 608 2413 oppida
640 2358 851 2413 Ateguam
893 2361 935 2399 et
966 2356 1150 2399 Ucubim
1184 2357 1224 2398 in
1259 2359 1403 2397 monte
1436 2370 1531 2397 con-
