1638 2600
414 124 472 159 m.
506 123 747 159 ANTICATO
774 135 805 158 a.
827 136 861 158 u.
882 134 910 158 c.
938 123 1087 159 DCCIX.
1348 123 1428 164 147

179 219 276 254 Plut.
312 219 387 254 Cat.
423 221 477 253 54.
530 217 785 263 Ἐκπεμφθεὶς
821 217 861 252 δε
900 218 951 258 εἰς
983 216 1121 261 Ἀσίαν,
1157 217 1204 258 ὡς
1242 223 1318 258 τοῖς
1356 217 1432 252 ἐκεῖ

83 265 283 311 συνάγουσι
308 268 419 300 πλοῖα
444 266 507 300 καὶ
534 264 708 310 στρατιὰν
733 263 914 309 ὠφέλιμος
940 263 1095 310 γένοιτο,
1121 263 1321 323 Σερβιλίαν
1343 264 1430 309 ἐπη-

83 313 214 370 γάγετο
256 312 324 357 τὴν
368 313 534 357 ἀδελφὴν
577 314 640 347 καὶ
677 313 717 347 τὸ
755 312 984 347 Λευκούλλου
1021 311 1175 347 παιδίον
1214 311 1250 354 ἐξ
1289 310 1431 356 ἐκείνης

83 358 243 417 γεγονός.
290 358 542 419 Ἠκολούθησε
574 359 642 406 γὰρ
675 361 773 406 αὐτῷ
805 359 1028 404 χηρεύουσα,
1060 360 1123 394 καὶ
1154 360 1247 394 πολὺ
1279 365 1352 394 τῶν
1378 359 1430 399 εἰς

83 408 125 442 τὸ
151 406 355 442 ἀκόλαστον
380 408 493 452 αὐτῆς
519 408 702 465 διαβολῶν
727 407 878 450 ἀφεῖλεν
903 407 1072 441 ὑποδῦσα
1097 406 1163 450 τὴν
1189 406 1261 441 ὑπὸ
1282 405 1430 441 Κάτωνι

83 454 254 499 φρουρὰν
285 455 349 489 καὶ
380 453 524 499 πλάνην
556 455 619 489 καὶ
645 452 794 489 δίαιταν
820 452 1002 493 ἑκουσίως.
1049 452 1137 487 ''Am
1169 452 1188 488 ὅ
1219 466 1260 498 γε
1287 457 1430 497 Καῖσαρ

83 501 171 537 οὐδὲ
197 507 269 537 τῶν
295 500 354 536 ἐπ’
387 500 508 549 ἐκείνῃ
534 502 774 547 βλασφημιῶν
799 506 864 536 τοῦ
890 499 1066 541 Κάτωνος
1092 499 1274 545 ἐφείσατο.

177 689 272 725 Suet.
307 690 404 725 Caes.
439 693 495 725 56.
548 690 709 734 Reliquit
747 693 778 724 et
815 689 858 723 de
894 689 1081 734 Analoyia
1118 689 1208 724 duos
1247 690 1357 724 libros
1396 694 1428 725 et

80 737 317 772 Anticatones
347 738 492 773 totidem
523 765 530 772 .
560 765 566 771 .
596 766 601 771 .
637 736 797 782 Quorum
829 737 1004 771 librorum
1029 736 1169 780 primos
1201 737 1242 771 in
1267 738 1429 772 transitu

81 785 236 829 Alpium
263 814 268 818 .
292 812 298 819 .
321 812 328 818 .
355 789 535 829 sequentes
558 785 623 820 sub
649 789 786 844 tempus
812 783 1033 818 Mundensis
1053 784 1188 827 proelii
1212 785 1307 826 fecit.

178 832 277 866 Plut.
307 832 403 867 Caes
431 835 487 866 54.
533 830 574 867 Ο
599 844 664 876 μεν
691 829 757 867 οὗν
783 830 872 875 μετὰ
896 836 1012 865 ταῦτα
1038 831 1194 876 γραφεὶς
1219 829 1429 866 ὑπἀὐτοῦ

79 879 172 922 πρὸς
197 877 356 914 Κάτωνα
388 881 574 914 τεθνεῶτα
605 877 712 924 λόγος
738 879 781 913 οὐ
809 880 912 913 δοκεῖ
923 877 1062 937 πρᾴως
1087 877 1234 923 ἔχοντος
1259 877 1346 913 οὐδε
1373 879 1429 913 εὐ-

79 925 304 966 διαλλάκτως
342 932 490 971 σημεῖον
528 924 634 961 εἶναι
684 928 770 966 Πῶς
807 925 876 970 γὰρ
910 924 958 960 ἂν
989 914 1161 969 ἐφείσατο
1195 927 1344 969 ζῶντος,
1378 926 1431 966 εἰς

79 972 314 1018 ἀναίσθητον
346 972 473 1018 ἐκχέας
504 973 619 1018 ὀργὴν
649 973 849 1018 τοσαύτην;
886 978 929 1018 τῇ
964 971 1004 1007 δὲ
1030 972 1122 1016 πρὸς
1147 971 1340 1017 Κικέρωνα
1365 974 1428 1008 καὶ

80 1023 245 1064 Βροῦτον
282 1021 396 1055 αὐτοῦ
435 1021 498 1055 καὶ
526 1019 690 1081 μυρίους
713 1020 844 1060 ἄλλους
875 1026 948 1054 τῶν
978 1018 1285 1064 πεπολεμηκότων
1317 1020 1429 1055 ἐπιει-

79 1066 162 1102 κεία
188 1066 448 1112 τεκμαίρονται
474 1069 536 1102 καὶ
562 1068 627 1103 τὸν
652 1066 761 1113 λόγον
787 1067 930 1102 ἐκεῖνον
950 1067 1017 1101 οὐκ
1038 1066 1074 1109 ἐξ
1094 1066 1311 1125 ἀπεχθείας,
1338 1067 1429 1102 ἀλλὰ

79 1104 269 1173 φιλοτιμίᾳ
299 1117 467 1160 πολιτικῇ
500 1114 748 1160 συντετάχθαι
779 1114 843 1149 διὰ
874 1114 1050 1158 τοιαύτην
1080 1113 1215 1149 αἰτίαν.
1260 1112 1428 1160 ’Έγραψε

79 1160 247 1205 Κικέρων
287 1161 466 1218 ἐγκώμιον
499 1161 675 1202 Κάτωνος
713 1162 831 1206 ὄνομα
861 1165 910 1208 τῷ
942 1160 1052 1218 λόγῳ
1066 1160 1225 1206 θέμενος
1250 1161 1426 1197 Κάτωνα·

78 1210 141 1243 καὶ
167 1211 314 1249 πολλοῖς
345 1209 364 1243 ὁ
396 1207 502 1265 λόγος
527 1211 574 1253 ἠν
600 1209 663 1243 διὰ
690 1210 870 1254 σπουδῆς,
903 1209 950 1248 ὡς
976 1206 1092 1252 εἰκός,
1118 1209 1190 1243 ὑπὸ
1216 1215 1281 1244 τοῦ
1308 1211 1428 1244 δεινο-

76 1269 190 1291 τατου
226 1262 300 1291 τῶν
338 1253 502 1314 ρητόρων
541 1256 592 1296 εἰς
629 1256 697 1301 τὴν
729 1255 924 1300 καλλίστην
955 1254 1202 1300 πεποιημένος
1233 1255 1428 1291 ὑπόθεσιν

82 1306 201 1338 Τοῦτο
245 1301 334 1348 ηνία
372 1301 543 1346 Καίσαρα
587 1302 814 1360 κατηγορίαν
858 1304 972 1337 αὑτοῦ
1016 1301 1213 1347 νομίζοντα
1256 1304 1322 1338 τὸν
1363 1310 1428 1339 τοῦ

76 1349 303 1395 τεθνηκότος
328 1349 378 1385 δι’
397 1351 511 1385 αυτὸν
537 1350 702 1385 ἔπαινον.
740 1348 933 1407 ’Έγραψεν
959 1347 1027 1384 οὖν
1051 1349 1188 1390 πολλάς
1210 1363 1316 1391 τινας
1334 1351 1429 1386 κατὰ

77 1404 142 1433 τοῦ
175 1397 352 1438 Κάτωνος
382 1396 505 1438 αἰτιας
537 1398 772 1443 συναγαγών·
805 1397 846 1432 τὸ
879 1396 919 1432 δὲ
935 1395 1089 1454 βιβλίον
1109 1396 1327 1433 Ἀντικάτων
1353 1398 1430 1433 ε’πι-

77 1443 292 1491 γέγραπται.
343 1445 418 1479 Καὶ
450 1444 682 1486 σπουδαστας
708 1444 779 1490 ἔχει
805 1451 878 1480 τῶν
903 1443 1022 1490 λόγων
1048 1443 1219 1488 εκάτερος
1244 1445 1309 1480 διὰ
1335 1444 1428 1480 Καί-

78 1504 174 1536 σαρα
199 1493 263 1527 καὶ
289 1491 450 1527 Κάτωνα
475 1492 641 1533 πολλούς.

174 1540 246 1575 Cic.
278 1540 327 1574 acl
364 1541 472 1576 Attic.
506 1540 632 1585 XIII,
658 1543 722 1584 50,
749 1543 780 1574 1.
843 1539 1064 1574 Admonitus
1101 1540 1317 1583 quibusdam
1354 1541 1428 1575 tuis

77 1587 221 1631 litteris,
258 1591 300 1622 ut
333 1589 382 1622 acl
415 1587 602 1622 Caesarem
638 1588 818 1622 uberiores
855 1587 994 1622 litteras
1027 1587 1163 1622 mittere
1193 1588 1427 1632 instituerem,

77 1646 188 1680 quum
219 1635 308 1669 mihi
339 1635 482 1669 Balbus
512 1646 629 1679 nuper
659 1635 701 1668 in
731 1635 930 1669 Lanuvino
961 1635 1112 1669 dioeisset
1141 1645 1177 1669 se
1208 1639 1241 1670 et
1271 1634 1429 1679 Oppium

76 1683 258 1727 scripsisse
295 1682 345 1716 acl
383 1681 570 1717 Caesarem
612 1693 665 1717 me
708 1682 830 1727 legisse
871 1682 981 1716 libros
1023 1686 1150 1716 contra
1189 1681 1358 1717 Catonem
1396 1687 1430 1718 et

76 1730 292 1812 egchementer
329 1730 517 1773 probasse,
561 1730 758 1773 conscripsi
800 1729 842 1763 de
884 1729 932 1763 iis
972 1729 1062 1773 ipsis
1100 1729 1204 1764 libris
1240 1730 1428 1774 epistolam

109 1788 238 1812 aesarzv.

173 1824 244 1859 Cic.
272 1824 322 1858 ad
346 1824 455 1859 Attic.
483 1824 602 1868 XIII,
629 1826 746 1866 51,1.
797 1823 859 1857 Ad
887 1823 1074 1857 Caesarem
1105 1834 1215 1867 quam
1246 1824 1330 1857 misi
1354 1824 1427 1868 epi·

77 1872 222 1914 stolam,
253 1872 330 1906 eius
361 1872 560 1925 ememplum
589 1872 687 1917 fuyit
716 1882 770 1905 me
800 1875 877 1905 tum
908 1871 975 1905 tibi
1004 1871 1158 1914 mitter,e
1188 1881 1253 1905 nec
1278 1871 1318 1905 id
1342 1872 1428 1914 fuit,

78 1919 173 1964 quod
203 1919 419 1963 suspicaris
443 1923 484 1954 ut
508 1930 561 1953 me
581 1919 734 1972 puderet
758 1919 831 1960 tui,
861 1929 906 1952 ne
931 1918 1084 1952 ridicule
1089 1918 1132 1975 †
1157 1918 1334 1960 micillus,
1365 1930 1429 1953 nee

77 1967 269 2001 mehercule
299 1967 428 2010 scripsi
458 1966 582 2008 aliter,
619 1977 662 2001 ac
692 1966 725 2000 si
755 1965 848 2009 πρὸς
879 1964 960 2000 ἴσον
993 1962 1190 2019 ὄμοιόνςῃιε
1221 1966 1427 2000 scriberem:

78 2014 162 2049 bene
192 2014 287 2048 enim
311 2014 474 2049 existimo
499 2014 542 2048 de
566 1994 642 2048 illis
667 2013 787 2055 libris,
819 2017 860 2048 ut
883 2013 951 2047 tibi
975 2023 1116 2055 coram;
1152 2013 1274 2057 itaque
1299 2014 1430 2057 scripsi

77 2065 111 2096 et
141 2060 394 2100 ἀκολακεύτως
424 2065 456 2096 et
485 2065 605 2096 tamen
635 2061 704 2102 sie,
735 2065 776 2095 ut
806 2060 902 2094 nihil
926 2071 1006 2094 eum
1031 2040 1226 2095 existimem
1254 2061 1426 2095 lecturum

79 2108 258 2144 libentius.

175 2155 247 2190 Cic
283 2155 404 2199 Topic.
435 2158 496 2198 25,
527 2158 584 2191 94.
637 2154 727 2190 Cum
763 2154 906 2199 aliquid
943 2155 986 2189 de
1022 2155 1196 2199 utilztate,
1235 2154 1428 2196 honestate,

79 2204 258 2256 aequitate
293 2203 484 2238 disseritur
514 2203 624 2247 deque
654 2203 702 2237 iis
732 2203 853 2244 r‚ebus
888 2213 978 2246 quae
1009 2202 1065 2236 his
1095 2206 1180 2236 sunt
1211 2202 1427 2243 contrariae,

79 2250 275 2285 incurrunt
299 2254 415 2286 status
440 2254 505 2285 aut
529 2250 624 2284 iuris
648 2254 714 2285 aut
738 2249 914 2303 nominis,
946 2249 1041 2293 quod
1066 2249 1159 2283 idem
1184 2249 1362 2294 contiuyit
1387 2249 1428 2282 in

81 2297 364 2332 laudationibus.
420 2298 521 2332 Nam
558 2302 623 2332 aut
659 2297 788 2343 negari
819 2300 936 2340 potest
966 2297 1006 2330 id
1039 2296 1177 2339 factum
1208 2306 1296 2337 esse,
1334 2296 1428 2340 quod

80 2343 261 2386 laudetur,
291 2348 356 2379 aut
385 2355 460 2379 non
490 2355 528 2379 eo
559 2345 702 2380 nomine
733 2344 992 2387 adficiendum,
1025 2354 1094 2387 quo
1126 2343 1296 2378 laudator
1327 2343 1426 2386 adfe-

81 2392 185 2433 cerit,
217 2395 283 2426 aut
306 2392 451 2426 omnino
475 2402 550 2427 non
575 2403 645 2427 esse
672 2392 872 2434 laudabile,
898 2391 993 2435 quod
1017 2401 1089 2425 non
1116 2395 1223 2432 reete,
1250 2401 1324 2425 non
1349 2391 1428 2425 iure
