1638 2600
554 97 654 132 CAP.
681 98 985 134 LXV—LXVIII.
1388 100 1445 141 43

110 207 261 249 genere
293 195 411 234 ortus
444 193 533 234 iure
566 195 740 236 minime
772 195 913 249 dubio,
945 198 1156 238 vetustate
1188 198 1329 237 tamen
1354 211 1446 250 pro-

108 262 203 314 pter
234 257 452 299 adversam
478 258 693 300 fortunam
719 260 927 301 maiorum
954 274 1127 301 suorum
1152 261 1446 302 mutationem-

111 337 191 378 que
211 322 377 377 generis
403 322 647 366 intermisso
668 323 950 365 sacerdotium
970 325 1014 365 id
1033 323 1261 378 repetebat.
1305 323 1445 365 Fratri

109 388 249 428 autem
274 384 575 427 Ariobarzanis
601 386 831 441 Ariarathi,
864 403 959 429 cum
991 389 1098 430 bene
1128 389 1305 430 meritus
1337 391 1446 430 uter-

109 465 189 506 que
221 465 367 492 eorum
400 451 449 492 de
482 452 698 505 republica
729 455 856 506 esset,
891 468 942 494 ne
976 456 1049 494 aut
1080 454 1202 508 regni
1232 453 1445 495 hereditas

107 514 362 557 Ariarathen
400 515 651 558 sollicitaret
683 519 755 558 aut
792 515 914 558 heres
957 517 1078 572 regni
1116 520 1293 559 terreret
1323 517 1444 559 Ario-

106 580 333 630 bamam,
367 583 531 632 partem
568 580 792 623 Armeniae
831 581 1006 622 minoris
1048 582 1240 623 concessit
1279 595 1445 634 eumque

105 643 384 686 Ariobarzani
417 644 631 698 attribuit,
664 645 737 699 qui
769 645 847 686 sub
879 645 969 686 eius
1002 645 1181 700 imperio
1208 660 1254 687 ac
1281 646 1443 687 dicione

106 710 227 750 esset.
288 706 385 762 Ipse
429 708 510 750 iter
555 709 768 763 inceptum
807 709 937 750 simili
973 708 1198 751 velocitate
1239 710 1443 751 conficere

105 773 254 827 coepit.

191 836 364 878 LXVII.
416 836 522 878 Cum
553 838 728 892 propius
759 838 945 880 Pontum
977 838 1167 893 finesque
1201 837 1441 893 Gallograe-

105 903 192 944 ciae
214 902 471 955 accessisset,
490 901 730 956 Deiotarus,
755 902 987 944 tetrarches
1009 901 1324 957 Gallograeciae
1350 906 1442 944 tum

105 967 276 1022 quidem
306 980 438 1020 paene
468 966 613 1020 totius,
646 967 759 1021 quod
779 967 817 1008 ei
841 981 977 1021 neque
1002 966 1168 1021 legibus
1193 981 1329 1021 neque
1355 981 1441 1008 mo-

104 1032 222 1073 ribus
261 1045 506 1072 concessum
544 1045 634 1073 esse
676 1032 804 1073 ceteri
846 1030 1083 1073 tetrarchae
1120 1032 1442 1086 contendebant,

104 1097 193 1138 sine
238 1095 366 1136 dubio
411 1098 552 1136 autem
595 1110 670 1137 rex
712 1095 937 1138 Armeniae
980 1095 1157 1137 minoris
1198 1096 1250 1137 ab
1292 1099 1440 1138 senatu

104 1160 358 1215 appellatus,
396 1159 599 1214 depositis
637 1161 766 1215 regiis
803 1161 1060 1216 insignibus,
1100 1175 1236 1215 neque
1272 1163 1440 1202 tantum

102 1226 269 1280 privato
300 1224 476 1277 vestitu,
515 1224 589 1265 sed
625 1225 753 1265 etiam
790 1239 958 1266 reorum
995 1224 1145 1265 habitu
1177 1225 1357 1279 supplex
1388 1226 1440 1266 ad

103 1289 324 1331 Caesarem
360 1288 478 1329 venit
515 1291 698 1342 oratum,
741 1291 790 1329 ut
828 1288 911 1330 sibi
949 1289 1204 1344 ignosceret,
1245 1290 1359 1343 quod
1395 1290 1440 1331 in

102 1369 150 1396 ea
186 1355 305 1408 parte
342 1352 509 1406 positus
547 1354 773 1406 terrarum,
815 1367 920 1406 quae
952 1351 1071 1392 nulla
1100 1353 1310 1406 praesidia
1342 1353 1438 1396 Cae-

102 1419 208 1460 saris
238 1416 476 1470 habuisset,
509 1416 764 1458 exercitibus
796 1416 1070 1471 imperiisque
1102 1421 1260 1459 coactus
1289 1418 1334 1459 in
1366 1417 1438 1460 Cn.

100 1481 278 1536 Pompei
316 1480 465 1522 castris
501 1479 669 1522 fuisset:
710 1495 845 1535 neque
879 1482 991 1523 enim
1029 1495 1073 1523 se
1106 1481 1301 1524 debuisse
1333 1483 1437 1524 iudi-

102 1563 191 1590 cem
223 1560 314 1588 esse
346 1546 728 1588 controversiarum
764 1545 910 1600 populi
942 1545 1143 1600 Romani,
1181 1546 1255 1587 sed
1291 1561 1437 1601 parere

101 1610 394 1668 praesentibus
426 1610 626 1664 imperiis.

188 1673 383 1718 LXVIII.
422 1673 579 1716 Contra
599 1689 724 1730 quem
739 1673 892 1716 Caesar
911 1689 1007 1716 cum
1026 1674 1212 1730 plurima
1231 1691 1308 1717 sua
1327 1691 1436 1719 com-

100 1742 378 1783 memorasset
421 1739 578 1794 officia,
622 1754 728 1794 quae
765 1738 914 1781 consul
954 1739 993 1781 ei
1033 1739 1213 1782 decretis
1253 1741 1436 1795 publicis

99 1806 339 1859 tribuisset,
365 1819 544 1859 cumque
565 1804 850 1846 defensionem
871 1803 960 1845 eius
980 1804 1244 1859 coarguisset
1262 1830 1321 1835 -—
1345 1807 1435 1848 nul-

99 1870 184 1911 lam
209 1884 333 1924 posse
364 1882 405 1911 se
430 1869 744 1910 excusationem
775 1868 865 1910 eius
897 1869 1206 1924 imprudentiae
1237 1870 1436 1926 recipere,

101 1934 214 1989 quod
243 1933 372 1975 homo
403 1935 546 1975 tantae
583 1933 832 1987 prudentiae
864 1949 912 1976 ac
946 1934 1191 1990 diligentiae
1222 1935 1329 1977 scire
1363 1950 1434 1990 po-

100 2000 265 2053 tuisset,
290 1999 386 2053 quis
412 1998 561 2040 urbem
587 1997 839 2053 Italiamque
863 2000 1039 2053 teneret,
1065 1998 1140 2040 ubi
1165 2001 1337 2040 senatus
1363 2014 1434 2053 po-

99 2063 308 2118 pulusque
339 2062 569 2117 Romanus,
603 2063 678 2104 ubi
708 2062 948 2117 respublica
978 2066 1101 2118 esset,
1133 2063 1228 2118 quis
1255 2063 1434 2118 denique

99 2130 197 2182 post
226 2127 272 2169 L.
303 2127 550 2181 Lentulum,
589 2126 632 2168 C.
663 2127 912 2169 Marcellum
944 2127 1093 2169 consul
1125 2130 1252 2181 esset,
1292 2130 1434 2168 tamen

100 2206 143 2233 se
187 2192 412 2234 concedere
456 2192 500 2233 id
542 2191 702 2233 factum
745 2192 1036 2247 superioribus
1077 2192 1165 2233 suis
1205 2192 1434 2246 beneficiis,

98 2257 230 2298 veteri
260 2256 448 2311 hospitio
481 2260 606 2311 atque
633 2257 854 2312 amicitiae,
886 2257 1086 2312 dignitati
1118 2257 1330 2311 aetatique
1361 2256 1433 2298 ho-

99 2321 243 2374 minis,
283 2321 479 2375 precibus
517 2319 681 2375 eorum',
725 2322 798 2376 qui
840 2321 1082 2376 frequentes
1122 2321 1435 2363 concurrissent
