1669 2574
246 105 331 147 206
531 106 566 140 C.
593 105 707 140 IULII
733 104 960 140 CAESARIS
985 104 1295 140 FRAGMENTA.

117 206 143 224 ³·
157 207 185 225 ¹¹-
201 207 225 225 0·
245 200 286 234 in
310 204 438 235 senatu
455 199 640 234 sententiis
659 209 930 244 oppuynasserri,
949 210 1060 242 neque
1079 202 1153 233 tam
1171 199 1273 234 illius
1293 200 1458 234 laedendi
1476 211 1588 234 causa

131 235 206 303 Ῑῖξξ
245 259 353 292 quam
387 246 602 289 defendendi
632 250 738 290 atque
764 246 923 280 ornandi
949 245 1098 280 Catonis
1104 259 1117 288 ;
1145 249 1229 289 post
1262 250 1379 281 autem
1411 246 1588 290 Caesaris,

245 299 285 329 ut
310 295 414 328 illum
438 294 670 336 defenderem,
696 293 792 327 mira
816 293 994 327 contentio
1018 296 1068 327 est
1092 297 1288 327 consecuta.

340 341 410 375 Cic.
432 341 480 374 ad
500 340 574 375 Att.
595 340 623 373 I
626 340 667 382 V,
681 342 740 382 16,
754 342 786 374 7.
831 340 896 374 Em
919 340 1049 382 fratris
1075 340 1202 374 litteris
1227 340 1457 374 incredibilia
1482 352 1588 384 quae·
1634 359 1635 363 =

244 389 328 421 dam
348 389 390 422 de
412 387 577 421 Caesaris
601 387 642 420 in
667 399 720 421 me
739 398 858 421 amore
877 387 1036 432 coynovi,
1062 398 1171 431 eaque
1189 391 1275 422 sunt
1293 387 1408 431 ipsius
1424 387 1589 423 Caesaris

243 435 434 469 uberrimis
460 435 587 469 litteris
612 435 834 477 confirmata.
873 434 1088 468 Britannici
1108 434 1190 468 belli
1208 435 1325 469 exitus
1344 438 1590 478 exspectatum

244 486 381 516 constat
406 482 501 515 enim
525 482 649 516 aditus
673 482 814 516 insulae
840 492 910 516 esse
929 481 1086 516 munitos
1104 481 1267 524 mirificis
1285 482 1458 524 molibus,·
1482 482 1590 517 etiam

243 529 337 562 illud
367 529 442 562 iam
473 529 655 574 coynitum
680 533 746 572 est,
777 540 889 573 neque
915 529 1056 574 aryenti
1079 529 1277 572 scripulum
1302 540 1372 563 esse
1402 529 1518 563 ullum
1548 530 1590 564 in

243 576 311 609 illa
347 576 471 610 insula
507 587 619 620 neque
649 576 764 610 ullam
797 587 892 620 spem
925 576 1084 619 praedae
1120 576 1195 610 nisi
1225 587 1269 610 eac
1299 577 1509 620 mancipiis,
1546 588 1591 611 ecc

243 623 373 667 quibus
397 623 517 658 nullos
538 627 629 667 puto
653 627 685 658 te
711 623 838 658 litteris
863 627 928 658 aut
952 623 1098 657 musicis
1123 623 1282 657 eruditos
1306 628 1517 668 exspectare.

674 717 751 751 AD
781 718 820 752 T.
848 717 1157 752 LABIENUM.

339 782 437 817 Caes.
465 782 511 816 B.
536 781 578 816 G.
606 782 648 825 V,
668 786 731 826 11,
752 785 783 816 4.
834 782 998 816 Labieno
1029 782 1170 825 scribit,
1201 786 1242 817 ut
1273 794 1381 827 quam
1406 782 1590 826 plurimas

239 830 368 874 possit,
393 830 441 864 iis
467 830 677 875 legionibus,
703 841 794 874 quae
818 830 893 864 sint
917 829 1019 874 apud
1043 841 1134 872 eum,
1160 840 1269 864 naves
1294 830 1474 864 instituat.

757 924 833 958 AD
862 923 1082 958 OPPIUM.

339 990 409 1024 Cic.
431 989 479 1023 ad
507 988 545 1033 (3.
566 989 612 1031 fr.
634 989 719 1031 III,
739 993 779 1031 1,
801 992 847 1023 18
874 991 996 1032 (mens.
1019 988 1138 1033 Sept).
1186 988 1290 1033 Quod
1320 989 1489 1024 interiore
1516 991 1589 1034 epi-

242 1037 334 1071 stola
364 1037 507 1079 scribis,
534 1047 587 1070 me
611 1037 741 1070 Idibus
773 1036 1034 1080 Septembribus
1066 1036 1237 1080 Pompeio
1269 1036 1423 1080 leyatum
1452 1037 1519 1079 iri,
1552 1038 1592 1072 id

242 1095 304 1128 690
328 1094 403 1117 non
428 1083 556 1117 audivi
580 1084 777 1127 scripsique
803 1084 851 1117 ad
879 1084 1067 1118 Caesarem
1087 1082 1254 1130 (neque)
1282 1083 1483 1118 Vibullium
1504 1084 1590 1119 Cae-

242 1131 337 1165 saris
367 1131 544 1165 mandata
575 1131 617 1165 de
648 1142 725 1165 mea
759 1131 945 1165 mansione
979 1131 1028 1164 ad
1059 1131 1271 1174 Pompeium
1300 1132 1492 1174 pertulisse
1526 1143 1590 1166 nec

245 1178 412 1222 Oppium.
467 1178 544 1222 Quo
574 1177 749 1212 consilio?
801 1177 1027 1222 Quamquam
1062 1178 1218 1222 Oppium
1249 1188 1310 1222 690
1345 1179 1462 1221 tenui,
1493 1179 1589 1223 quod

237 1226 380 1269 priores
399 1230 523 1269 partes
554 1225 693 1259 Vibulli
718 1230 841 1268 erant,·
867 1237 946 1260 cum
971 1236 1009 1260 eo
1035 1226 1129 1260 enim
1154 1236 1274 1260 coram
1303 1224 1436 1260 Caesar
1461 1230 1591 1271 eqerat,

242 1273 292 1307 ad
320 1272 477 1317 Oppium
501 1273 703 1317 scripserat.

543 1379 619 1413 AD
646 1379 689 1413 P.
716 1379 945 1413 SERVILI
949 1379 1030 1413 UM
1053 1379 1293 1413 PATREM.

339 1444 410 1478 Cic.
432 1444 481 1478 ad
504 1444 569 1488 Qu.
589 1444 636 1487 fr.
656 1444 741 1486 III,
762 1447 801 1485 1,
820 1446 869 1478 20
896 1446 1018 1486 (mens.
1040 1443 1133 1488 Sept.
1132 1446 1163 1486 ).
1210 1444 1252 1478 P.
1279 1444 1454 1479 Servilius
1479 1448 1588 1488 pater

241 1502 286 1525 eoe
317 1491 462 1534 litteris,
495 1502 585 1535 quas
618 1491 688 1526 sibi
713 1503 737 1525 a
764 1491 915 1525 Caesare
950 1492 1077 1525 missas
1111 1502 1182 1525 esse
1216 1491 1374 1535 dicebat,
1404 1492 1590 1537 siynisicat

241 1539 346 1573 valde
377 1543 408 1573 te
438 1539 509 1573 sibi
538 1543 682 1583 gratum
707 1539 847 1581 fecisse,
874 1538 967 1582 quod
998 1539 1041 1572 de
1074 1549 1143 1572 sua
1173 1539 1356 1574 voluntate
1386 1550 1472 1584 erqa
1498 1538 1584 1573 Cae-

241 1597 357 1620 sarem
382 1587 640 1620 humanissime
665 1586 1005 1630 diliyentissimeque
1032 1586 1170 1621 locutus
1194 1590 1289 1621 esset.

520 1692 596 1727 AD
623 1692 678 1726 M.
709 1692 963 1727 TULLIUM
987 1691 1316 1727 CICERONEM.

339 1758 410 1792 Cic.
431 1758 480 1792 ad
508 1758 573 1802 Qu.
593 1758 640 1800 fr.
660 1758 745 1801 III,
767 1761 805 1800 1,
826 1760 883 1792 17.
929 1756 1020 1791 Cum
1049 1758 1143 1791 lianc
1177 1757 1251 1790 iam
1282 1757 1472 1800 epistulam
1497 1767 1588 1791 com-

238 1805 429 1849 plicarem⁷
461 1805 646 1839 tabellarii
679 1817 702 1839 a
733 1805 831 1839 vobis
865 1809 1037 1839 venerunt
1068 1816 1100 1838 a.
1134 1804 1167 1838 cl.
1196 1804 1262 1837 XI
1284 1804 1331 1838 K.
1359 1805 1382 1849 †
1407 1804 1589 1848 septembr.

242 1852 405 1886 ricesimo
437 1852 504 1886 die.
553 1851 582 1886 Ο
606 1864 659 1887 me
684 1852 898 1886 sollicitum!
929 1856 1105 1896 quantum
1137 1862 1198 1896 690
1223 1851 1326 1885 dolui
1356 1852 1397 1885 in
1424 1851 1590 1887 Caesaris

241 1899 468 1933 suavissimis
494 1899 641 1933 litteris!
677 1899 764 1941 Sed,
790 1910 859 1943 quo
884 1903 987 1934 erant
1011 1899 1205 1942 suaviores,
1231 1909 1270 1933 eo
1295 1899 1467 1933 maiorem
1491 1899 1589 1933 dolo-

241 1957 315 1980 rem
341 1946 442 1980 illius
467 1947 527 1980 ille
552 1957 657 1981 casus
686 1947 880 1988 adferebat.

339 1993 410 2027 Cic.
437 1994 485 2027 ad
513 1993 578 2037 Qu.
599 1994 645 2036 fr.
666 1994 752 2036 III,
772 1997 812 2035 1,
830 1996 888 2028 25.
940 1993 1004 2027 Ea:
1041 1993 1246 2027 Britannia
1279 1993 1413 2027 Caesar
1450 1993 1499 2026 ad
1536 2003 1589 2028 me

244 2040 291 2074 K.
314 2040 502 2084 Septembr.
529 2041 628 2075 dedit
653 2041 801 2083 litteras,
827 2051 917 2084 quas
943 2051 1005 2085 690
1031 2041 1150 2083 accepi
1176 2052 1208 2074 a.
1237 2040 1270 2074 d.
1291 2041 1357 2074 IV
1371 2040 1419 2074 K.
1439 2040 1590 2082 Octobr,

241 2088 331 2122 satis
356 2088 556 2122 commodas
581 2088 623 2122 de
648 2088 881 2122 Britannicis
905 2088 1027 2129 rebus,
1052 2088 1199 2132 quibus,
1224 2099 1269 2122 ne
1294 2087 1470 2130 admirer,
1496 2087 1590 2132 quod

242 2146 265 2167 a
296 2139 328 2168 te
358 2135 481 2170 nullas
511 2135 719 2179 acceperim,
752 2135 875 2169 scribit
905 2145 940 2169 se
970 2135 1047 2169 sine
1078 2139 1110 2169 te
1139 2135 1270 2177 fuisse,
1300 2146 1380 2169 cum
1411 2135 1461 2169 ad
1491 2145 1589 2169 mare

245 2183 438 2216 accesserit.

338 2229 548 2274 Philaryyr.
576 2230 624 2264 ad
649 2229 752 2273 Very.
783 2229 908 2273 Geory.
929 2229 1014 2271 III,
1039 2230 1122 2262 204.
1168 2229 1311 2263 Esscda
1346 2228 1500 2262 vehiculi
1535 2228 1589 2262 vel

242 2287 371 2311 currus
400 2288 529 2321 yenus,
561 2287 630 2321 quo
661 2277 758 2311 soliti
789 2281 874 2311 sunt
900 2287 1068 2321 puynare
1096 2275 1206 2310 Galli.
1255 2275 1387 2310 Caesar
1418 2275 1514 2310 testis
1539 2278 1589 2309 est

243 2323 334 2357 libro
370 2324 418 2357 ad
455 2323 657 2358 Ciceronem
690 2324 776 2358 III:
813 2323 962 2368 „Multa
998 2322 1104 2357 milia
1139 2322 1305 2366 equitum
1340 2324 1452 2366 atque
1488 2332 1583 2356 esse-

242 2370 431 2404 dariorum
456 2370 605 2406 habeb.“
