1638 2600
527 116 622 151 VIII.
658 115 932 151 EPISTULAE.
1318 115 1401 156 217

523 211 599 246 AD
625 211 942 246 AMANTIUM.
1409 219 1546 273 geg-Vh

158 277 256 312 Plut.
285 277 382 312 Caes.
410 280 467 312 50.
529 278 602 320 Της
639 275 757 320 μάχης
794 276 928 320 ταύτης
964 276 1032 320 τὴν
1070 275 1227 320 ὀξύτητα
1265 275 1327 309 καὶ
1365 274 1405 309 τὸ
1445 284 1511 315 (Π),

60 324 175 370 τάχος
205 322 437 370 ἀναγγέλλων
469 323 521 363 εἰς
547 321 688 367 Ρώμην
718 321 811 366 πρός
841 336 925 357 τινα
961 329 1034 358 τῶν
1071 321 1188 367 φίλων
1215 321 1406 366 Ἀμάντιον

62 372 202 417 ἔγραψε
227 377 325 414 τρεῖς
348 369 475 412 λέξεις
508 371 654 407 Ηλθον
681 372 792 411 εἶδον
819 371 973 414 ἐνίκηεα.
1007 392 1050 395 -
1082 371 1181 414 ΑΡΡ.
1210 370 1301 404 Bell.
1331 369 1404 404 Cic.

64 421 127 463 II,
148 423 204 454 91.
250 417 316 459 Ἐς
346 417 386 453 δὲ
408 416 548 462 Ρώμην
573 417 657 460 περι
682 418 789 462 τῆσδε
816 430 880 462 της
905 416 1023 462 μάχης
1048 416 1265 452 ἐπέστελλεν.
1311 415 1406 462 Ἐγὼ

64 466 105 501 δὲ
131 469 256 510 ἦλθον,
283 467 393 503 εἶδον,
420 466 574 507 ἑνίκηεα.
609 485 654 489 —-
688 464 784 499 &met
814 464 910 499 Caes.
939 468 997 500 37.
1049 466 1200 500 Pontico
1226 465 1407 516 triumphq

61 515 158 549 inter
191 524 346 566 Ρο777Ρα6
381 512 521 555 fereula
558 512 669 546 triam
706 512 889 546 ‘sermm
924 513 1103 556 praetulit
1139 512 1285 548 tetalam
1324 510 1407 546 veni

63 560 140 595 vidi
165 559 247 595 vici.

546 606 622 641 AD
649 605 789 640 SENA
798 606 923 641 TUM.

156 673 295 717 Ioseph.
323 672 447 716 Antiq
468 672 552 706 Iud
574 671 685 713 XIV,
706 674 741 713 S,
762 674 783 705 5
811 673 897 715 (14²3
922 671 1059 713 Niemse)
1114 671 1277 710 Τούτους
1295 668 1407 706 Ἀντι-

61 719 207 764 πάτρου
232 717 484 764 ποιησαμένου
510 719 594 758 τοὺς
618 716 749 764 λόγους
769 721 913 761 Καῖσαρ
935 716 1114 761 Ὑρκανὸν
1140 716 1206 762 μὲν
1232 716 1407 752 ἀποδείκ-

63 779 170 802 νυσιν
208 765 398 812 ἀρχιερέα,
435 765 657 811 Αντιπάτρῳ
696 764 730 800 δ’
769 763 916 810 ἐφίησιν
954 763 1175 800 δυναστείαν
1213 779 1260 809 ην
1297 765 1409 805 αὐτὸς

62 820 308 859 προαιρεῖται
359 813 490 848 τούτου
517 812 557 847 δὲ
584 813 640 847 ἐπ’
666 813 764 847 αὐτῶ
796 810 1048 857 ποιησαμένου
1073 812 1141 857 τὴν
1166 811 1298 855 κρίσιν,
1331 811 1408 847 ἐπί-

61 874 201 905 τροπον
227 861 341 896 αὐτὸν
367 859 631 895 ἀποδείκνυσιν
656 874 720 905 της
740 849 931 900 ἕΙουδείας
970 858 1155 903 ἐπιτρέπει
1175 858 1215 894 δὲ
1235 860 1299 894 καὶ
1318 858 1396 903 Τρ-

62 912 166 966 κοινῷ
198 908 244 943 τὰ
275 915 339 954 τῆς
364 906 542 952 πατρίδος
567 908 771 952 ἀναστῆσαι
796 906 895 953 τείχη
921 907 1059 952 ταύτην
1086 905 1316 954 αιτησαμένῳ
1341 907 1408 952 τὴν

63 956 188 1002 χάριν
229 956 280 991 ἔτι
313 969 383 1001 γαρ
422 955 595 999 ἐρηριπτο
629 953 827 1000 Πομπηίου
864 953 1153 1000 καταβαλόντος
1192 955 1255 989 και
1293 960 1408 989 ταῦτα

63 1001 259 1038 ἐπιστέλλει
285 1009 362 1043 τοῖς
386 1002 542 1043 ὑπάτοις
567 1003 619 1043 εἰς
638 1001 779 1047 Ρώμην
805 1001 1025 1047 ἀναγράψαι
1045 1001 1085 1037 ἐν
1104 1005 1153 1049 τῷ
1174 1000 1408 1048 Καπετωλίῳ.

65 1072 111 1077 —
137 1051 248 1093 XVI,
267 1053 302 1093 2,
323 1053 345 1084 4
372 1053 435 1093 (53
461 1051 597 1093 Nzese).
642 1050 716 1084 Καὶ
743 1048 776 1084 τί
803 1051 862 1084 δεῖ
885 1048 1013 1095 λέγειν,
1041 1047 1130 1094 ὅσην
1155 1048 1290 1084 ἐκεῖνοι
1316 1062 1409 1093 παρ-

66 1097 173 1156 ε’σχον
205 1095 325 1142 ροπὴν
356 1100 406 1143 τῷ
437 1096 518 1132 τότε
550 1101 670 1155 καιρῷ
698 1098 761 1132 καὶ
788 1095 913 1132 πόσων
938 1097 1001 1131 καὶ
1026 1095 1138 1132 τίνων
1164 1098 1311 1140 δωρεῶν
1337 1096 1408 1131 ὑπὸ

65 1143 254 1189 Καίσαρος
284 1145 500 1189 ἠξιώθησαν
531 1143 622 1179 καθ’
648 1143 730 1188 ε’,να
763 1143 850 1179 δέον
875 1144 1086 1189 ἀναμνησαι
1112 1150 1184 1179 τῶν
1211 1143 1408 1179 επιστολῶν

61 1192 108 1233 ἃς
133 1192 295 1250 ἔγραψεν
320 1190 401 1226 τότε
427 1195 570 1235 Καῖσαρ
591 1197 633 1237 τῇ
661 1191 861 1238 συγκλήτῳ,
888 1192 950 1226 και
971 1192 1018 1231 ὡς
1043 1190 1201 1255 δημοσία
1220 1190 1327 1235 τιμὰς
1346 1192 1409 1226 καὶ

61 1238 251 1275 πολιτείαν
267 1239 395 1285 ἔλαβεν
409 1238 660 1283 Ἀντιπατροςς
674 1261 720 1264 -
735 1240 826 1274 Bell.
837 1240 919 1296 Iud.
929 1240 962 1281 Ι,
976 1243 1058 1281 10,
1045 1245 1065 1273 5
1081 1242 1179 1283 (199.
1182 1228 1408 1282 20οΝ7636).

68 1288 218 1322 Τούτων
243 1290 388 1330 Καῖσαρ
422 1286 583 1326 ἀκουσας
607 1285 788 1330 Τρκανὸν
819 1299 885 1331 μεν
916 1286 1114 1329 ἀξιωτερον
1144 1292 1208 1331 τῆς
1233 1286 1408 1331 ἀρχιερω-

63 1335 177 1379 σύνης
201 1334 439 1379 ἀπεφήνατο,
465 1332 687 1381 Ἀντιπάτρω
714 1333 754 1368 δε
780 1332 999 1373 δυναστείας
1024 1333 1166 1377 αἵρεσιν
1192 1333 1338 1368 ἔδωκεν.
1390 1333 1408 1368 ὁ

63 1381 100 1417 δ’
116 1382 175 1417 ἐπὶ
200 1384 249 1429 τῷ
275 1381 467 1426 τιμήσαντι
492 1381 533 1416 τὸ
561 1371 691 1426 μέτρον
717 1387 781 1426 τῆς
805 1395 910 1426 τιμης
934 1379 1092 1425 θεμενος
1119 1380 1240 1425 πάσης
1265 1379 1409 1425 ἐπίτρο-

63 1442 133 1469 πος
159 1418 347 1469 Ἰουδαίας
378 1427 645 1464 ἀποδείκνυται
677 1430 739 1463 καὶ
771 1427 1101 1474 προσεπιτυγχάνει
1132 1427 1177 1462 τὰ
1211 1426 1310 1473 τείχη
1346 1441 1411 1473 της

62 1475 243 1521 πατρίδος
274 1475 470 1512 ἀνακτίσαι
502 1474 812 1520 κατεστραμμένα
870 1489 935 1516 τας
967 1488 1032 1520 μεν
1065 1475 1110 1520 δὴ
1142 1474 1249 1519 τιμὰς
1273 1475 1410 1516 ταύτας

37 1567 41 1570 ³
66 1528 211 1568 Καῖσαρ
244 1522 451 1559 ἐπεστελλεν
483 1523 523 1558 ἐν
555 1527 604 1583 τῷ
631 1522 854 1570 Καπετωλίῳ
880 1525 1119 1568 χαραχθῆναι
1142 1529 1207 1568 τῆς
1231 1535 1268 1557 τε
1294 1523 1409 1557 αὐτοῦ

64 1571 305 1616 δικαιοσύνης
330 1577 480 1616 σημεῖον
506 1585 569 1605 και
594 1577 658 1616 τῆς
683 1571 842 1615 τάνδρὸς
867 1569 1040 1615 ἐσομένης
1059 1571 1200 1616 ἀρετῆς.
1214 1591 1256 1595 —-
1274 1570 1409 1605 Contra

64 1620 245 1664 ΑΡ70776777
269 1620 332 1661 ΙΙ,
353 1622 398 1653 61
424 1619 544 1654 Niese.
594 1619 674 1654 Nos
705 1630 862 1653 777775677770
891 1618 1042 1653 Caesare
1072 1619 1211 1653 utimur
1242 1622 1324 1653 teste
1354 1629 1407 1652 80-

64 1667 149 1702 latii
168 1671 273 1711 atque
292 1667 394 1710 fidei,
421 1677 527 1710 quam
547 1666 644 1700 eirea
664 1678 743 1701 677777
762 1670 863 1701 cont}
865 1677 887 1700 a
907 1666 1105 1711 Aegyptios
1122 1665 1305 1710 9essimus,
1329 1676 1408 1700 7766-

60 1725 137 1749 ‘non
162 1719 195 1749 et
218 1718 347 1749 senatu
371 1714 515 1757 eiusque
541 1714 766 1758 doymatibus
797 1717 829 1748 et
853 1714 1017 1757 epistulis
1044 1713 1211 1748 Caesaris
1235 1713 1408 1758 Auqusti,

61 1762 193 1806 quibus
216 1765 342 1796 nostra
366 1761 494 1796 merita
519 1761 806 1805 comprobantur.

205 1855 282 1890 AD
309 1855 694 1891 MAGISTRATUS
717 1855 985 1890 SENATUM
1008 1854 1272 1890 POPULUM

559 1908 916 1944 SIDONIORUM.

156 1975 296 2019 Ioseph.
323 1974 448 2019 Antiq.
475 1974 559 2009 Iud.
586 1974 699 2017 XIV,
719 1977 778 2017 10,
797 1976 821 2008 2
845 1973 917 2008 vid.
943 1984 1022 2018 sup.
1045 1983 1082 2018 Ρ.
1104 1975 1187 2008 199.

482 2068 515 2092 a.
541 2068 577 2092 u.
604 2068 632 2092 e.
660 2056 872 2091 DCOVIH
893 2058 984 2100 (46).
1428 2088 1534 2106 &uo

162 2128 231 2164 IN
250 2127 567 2164 SARDJNJAM
586 2128 661 2162 ET
685 2126 853 2172 RELJQ
861 2127 959 2162 UAS
982 2126 1086 2163 PRO
1094 2120 1309 2163 VJNOJAS
1396 2115 1552 2184 ³³ngssss

453 2181 695 2216 AFRICAE
719 2180 1023 2216 FINITIMAS.

157 2246 251 2282 Bell.
278 2246 361 2290 Afr.
383 2250 419 2289 8,
438 2250 470 2281 1.
522 2246 657 2281 Caesar
680 2246 826 2281 interim
850 2246 891 2280 777
916 2245 1131 2280 Sardiniam
1155 2245 1304 2280 nuntios
1328 2256 1406 2280 677777

65 2294 194 2330 litteris
219 2299 251 2329 et
270 2294 310 2328 777
328 2294 486 2338 reliquas
501 2294 711 2338 provincias
730 2293 907 2337 finitimas
926 2293 1076 2335 dimisit,
1101 2297 1143 2327 ut
1160 2293 1230 2327 sibi
1250 2293 1409 2335 auoeilia,

64 2346 294 2384 commeatus,
330 2342 568 2385 frumentum,
606 2341 821 2386 simulatque
853 2341 990 2376 litteras
1016 2340 1197 2385 legissent,
1234 2340 1409 2376 mittenda

64 2393 243 2425 curarent.

136 2454 167 2480 C.
187 2454 325 2481 IULIUS
346 2453 512 2481 CAESAR.
544 2454 602 2480 ΙΙΙ.
1154 2450 1196 2481 15
