1669 2574
289 119 344 159 1O
641 117 836 152 BELLUM
860 115 1259 151 ALEXANDRINUM.

239 225 260 255 3
288 214 646 254 subministrabat.
707 203 927 253 Postremo
964 225 1049 252 non
1084 211 1256 266 longam
1295 210 1609 265 navigationem

287 278 503 331 parabant,
535 277 608 317 sed
632 276 866 330 praesentis
892 275 1094 330 temporis
1113 274 1353 316 necessitati
1373 273 1610 315 serviebant

238 352 262 382 4
288 343 330 382 et
354 341 397 382 in
423 340 515 394 ipso
547 342 673 393 portu
699 340 1008 394 confligendum
1032 339 1241 381 videbant.
1292 338 1440 393 Itaque
1464 336 1609 391 paucis

288 405 435 446 diebus
478 406 624 445 contra
667 405 853 445 omnium
898 404 1137 458 opinionem
1181 403 1464 457 quadriremes
1500 411 1610 453 XXII,

288 468 609 522 quinqueremes
641 479 671 508 V
702 468 987 522 confecerunt3
1026 467 1078 508 ad
1106 467 1183 508 has
1213 467 1397 508 minores
1429 467 1610 520 apertas-

288 547 368 586 que
395 532 631 586 complures
657 532 909 587 adiecerunt,
941 535 983 573 et
1006 532 1051 573 in
1074 534 1201 586 portu
1231 530 1460 585 periclitati
1489 528 1610 570 remi-

287 596 370 650 gio,
402 596 503 650 quid
523 610 710 650 quaeque
731 611 873 637 earum
893 597 1056 638 efficere
1076 598 1231 650 posset,
1256 595 1428 636 idoneos
1453 593 1610 634 milites

287 661 579 714 imposuerunt
627 675 752 714 seque
802 661 854 702 ad
896 660 1206 715 confligendum
1249 659 1445 701 omnibus
1486 657 1611 698 rebus

239 736 261 766 5
286 727 550 778 paraverunt.
620 724 770 766 Caesar
817 725 1005 766 Rhodias
1054 739 1180 766 naves
1229 736 1278 765 IX
1330 722 1513 764 habebat
1554 745 1612 750 —

286 804 383 829 nam
422 789 563 830 decern
601 789 741 830 missis
779 804 862 830 una
898 790 942 830 in
979 804 1104 831 cursu
1140 789 1212 830 sub
1242 789 1366 830 litore
1397 787 1610 842 Aegyptio

287 853 495 894 defecerat
516 878 584 907 —,
609 853 806 895 Ponticas
826 866 924 908 VIII,
950 853 1096 908 Syrias
1115 888 1124 895 .
1138 887 1165 908 .,
1185 852 1353 895 Cilicias
1371 864 1414 907 V,
1439 867 1490 893 ex
1508 851 1613 892 Asia

286 929 362 958 XII.
422 917 490 958 Ex
522 917 589 958 his
634 921 753 959 erant
796 918 1116 972 quinqueremes
1161 921 1203 959 et
1247 917 1530 972 quadriremes
1570 927 1612 970 X,

286 982 472 1036 reliquae
498 982 608 1022 infra
632 982 740 1023 hanc
764 983 1099 1037 magnitudinem
1119 985 1161 1023 et
1185 982 1407 1036 pleraeque
1433 983 1612 1035 apertae.

239 1058 260 1088 6
287 1045 445 1086 Tamen
480 1046 637 1087 virtute
669 1046 853 1087 militum
891 1048 1073 1087 confisus
1111 1046 1292 1101 cognitis
1327 1045 1515 1087 hostium
1547 1059 1612 1086 co-

286 1110 368 1164 piis
401 1125 444 1151 se
473 1110 525 1150 ad
552 1110 834 1151 dimicandum
866 1111 1051 1164 parabat.

239 1187 258 1216 1
374 1173 513 1215 XIIII.
561 1174 793 1229 Postquam
831 1190 879 1216 eo
916 1178 1088 1216 ventum
1125 1178 1206 1229 est,
1246 1177 1294 1216 ut
1324 1174 1405 1215 sibi
1436 1176 1611 1228 uterque

286 1253 431 1280 eorum
464 1239 708 1294 confideret,
741 1238 892 1281 Caesar
921 1239 1090 1281 Pharon
1124 1240 1256 1281 classe
1287 1238 1613 1280 circumvehitur

287 1303 566 1357 adversasque
592 1318 719 1344 naves
750 1303 945 1344 hostibus
971 1305 1208 1345 constituit:
1240 1304 1283 1345 in
1309 1304 1456 1345 dextro
1483 1316 1612 1344 cornu

286 1367 475 1408 Rhodias
508 1367 697 1421 collocat,
729 1368 772 1408 in
804 1368 976 1409 sinistro
1008 1367 1218 1409 Ponticas.
1267 1366 1383 1408 Inter
1413 1367 1490 1408 has
1522 1381 1611 1421 spa-

286 1432 394 1472 tium
427 1441 537 1472 CCCC
575 1445 776 1484 passuum
808 1432 1027 1486 relinquit,
1062 1433 1175 1486 quod
1206 1432 1309 1473 satis
1341 1446 1431 1473 esse
1464 1432 1515 1472 ad
1546 1446 1612 1472 ex-

239 1506 259 1535 Ξ
287 1495 503 1549 plicandas
529 1510 655 1536 naves
681 1496 911 1538 videbatur.
950 1496 1055 1537 Post
1079 1496 1191 1538 hunc
1217 1496 1405 1537 ordinem
1429 1495 1612 1550 reliquas

286 1574 414 1601 naves
440 1559 628 1601 subsidio
656 1560 892 1614 distribuit3
924 1575 1029 1614 quae
1061 1575 1270 1615 quamque
1302 1575 1444 1601 earum
1469 1574 1612 1614 sequa-

238 1634 260 1664 3
288 1626 357 1664 tur
388 1626 430 1665 et
461 1623 529 1664 cui
566 1623 805 1678 subveniat,
843 1625 1064 1666 constituit
1101 1628 1226 1679 atque
1264 1625 1454 1679 imperat.
1513 1623 1613 1666 Non

287 1688 530 1729 dubitanter
570 1687 846 1729 Alexandrini
890 1689 1065 1730 classem
1107 1690 1346 1744 producunt
1385 1692 1510 1744 atque
1552 1689 1613 1730 in-

288 1755 476 1793 struunt:
509 1752 553 1792 in
583 1751 722 1793 fronte
753 1753 961 1794 collocant
984 1765 1100 1809 XXII,
1130 1754 1314 1808 reliquas
1340 1753 1612 1796 subsidiarias

238 1827 262 1857 4
288 1816 331 1856 in
363 1815 545 1856 secundo
573 1816 716 1857 ordine
743 1818 1017 1859 constituunt.
1062 1818 1265 1873 Magnum
1295 1821 1511 1873 praeterea
1539 1832 1613 1858 nu-

289 1894 450 1920 merum
481 1880 693 1920 minorum
724 1882 990 1936 navigiorum
1022 1886 1064 1924 et
1094 1883 1343 1937 scapharum
1376 1883 1614 1937 producunt

289 1958 383 1984 cum
421 1943 629 1984 malleolis
667 1945 938 2000 ignibusque,
978 1947 1014 1987 si
1053 1947 1153 2001 quid
1190 1948 1282 2001 ipsa
1310 1947 1540 1988 multitudo
1572 1949 1614 1987 et

240 2020 262 2049 5
290 2007 447 2048 clamor
466 2010 508 2048 et
526 2008 696 2049 flamma
714 2010 871 2051 nostris
891 2011 1065 2052 terroris
1085 2012 1245 2053 adferre
1265 2014 1448 2066 possent.
1478 2010 1614 2052 Erant

289 2072 399 2113 inter
418 2071 520 2112 duas
541 2071 694 2113 classes
714 2073 820 2113 vada
838 2074 1021 2114 transitu
1047 2078 1239 2130 angusto,
1271 2090 1377 2130 quae
1401 2076 1614 2130 pertinent

289 2136 341 2177 ad
377 2137 592 2191 regionem
623 2135 792 2178 Africae
816 2163 874 2167 —
908 2138 967 2179 sic
1005 2139 1115 2180 enim
1153 2140 1412 2194 praedicant,
1450 2143 1613 2194 partem

287 2216 378 2242 esse
419 2201 699 2243 Alexandriae
747 2202 964 2243 dimidiam
1003 2202 1171 2244 Africae
1210 2229 1267 2233 -—
1310 2205 1495 2259 satisque
1542 2205 1613 2245 diu

288 2266 398 2307 inter
429 2266 544 2319 ipsos
577 2268 642 2306 est
667 2269 972 2321 exspectatum,
1004 2267 1054 2307 ab
1087 2267 1194 2308 utris
1220 2269 1463 2310 transeundi
1494 2270 1614 2310 fieret

288 2330 470 2384 initium,
501 2332 722 2384 propterea
748 2330 859 2384 quod
886 2331 934 2385 ei,
967 2331 1037 2385 qui
1063 2331 1303 2387 intrassent,
1335 2335 1376 2374 et
1407 2333 1458 2374 ad
1484 2334 1613 2389 expli-
