1638 2600
493 98 591 134 CAP.
618 98 940 133 XXXXVIH—LI.
1324 97 1376 137 77

38 195 221 239 densum.
276 193 359 234 Hic
384 208 480 234 curn
514 193 724 235 Labienus
751 193 1116 236 animadvertisset
1148 192 1379 247 Caesarem,
1405 203 1424 233 2

43 259 79 302 si
109 258 237 300 vellet
268 272 363 298 eum
395 257 535 299 locum
567 273 787 313 occupare,
822 259 940 313 prius
972 273 1140 299 necesse
1171 271 1254 300 esse
1284 272 1377 299 con-

42 323 192 367 vallem
224 321 513 376 olivetumque
545 322 796 377 transgredi,
828 337 972 364 eorum
1001 323 1191 364 locorum
1215 322 1377 376 peritus

39 389 84 432 in
115 386 281 428 insidiis
313 400 407 428 cum
441 390 560 441 parte
592 387 805 442 equitatus
837 386 1003 441 levique
1036 389 1248 427 armatura
1284 400 1377 426 con—

38 451 146 496 sedit
193 453 236 492 et
285 453 502 505 praeterea
550 454 648 506 post
696 453 884 492 montem
937 450 1168 505 [collesque
1212 449 1379 492 Caesari

37 515 180 560 subito
220 529 264 556 se
304 515 562 570 ostenderet]
602 515 764 570 equites
801 515 845 556 in
879 515 1044 556 occulto
1077 515 1378 567 conlocaverae,

2 627 3 630 Ἴ
38 582 101 634 ut,
137 593 233 620 cum
273 578 365 633 ipse
404 594 455 620 ex
494 580 724 634 improviso
762 578 1016 634 legionarios
1052 579 1224 620 adortus
1256 581 1378 633 esset,

38 658 89 687 ex
119 643 228 685 colle
260 657 304 685 se
335 644 550 698 equitatus
584 643 841 697 ostenderet,
879 645 921 685 et
951 657 995 684 re
1028 643 1184 697 duplici
1216 645 1378 697 pertur—

0 731 2 739 =
41 708 159 750 batus
180 706 333 748 Caesar
359 708 532 762 eiusque
560 709 769 750 exercitus
795 722 932 762 neque
962 709 1076 749 retro
1108 706 1379 762 regrediundi

0 787 2 792 ·
38 786 170 827 neque
207 771 321 812 ultra
357 773 611 826 procedendi
650 772 793 814 oblata
828 771 1028 814 facultate
1067 772 1378 813 circumventus

0 841 2 868 ³
37 835 334 880 concideretur.
408 835 560 878 Caesar
608 839 834 891 postquam
881 836 1080 892 equitatu
1123 838 1219 877 ante
1262 849 1377 889 prae·
1404 846 1424 877 3

0 914 2 926 ’
38 902 166 945 misso
197 900 354 942 inscius
386 901 637 943 insidiarum
668 915 766 943 cum
797 901 850 942 ad
881 915 977 942 eum
1007 900 1148 942 locum
1182 899 1379 953 venisset,

39 965 266 1008 adversarii
298 965 387 1006 sive
420 965 543 1006 obliti
574 968 897 1020 praeceptorum
922 965 1099 1007 Labieni
1130 965 1218 1006 sive
1242 963 1379 1018 veriti,

37 1045 89 1073 ne
119 1030 164 1071 in
194 1029 310 1071 fossa
335 1029 386 1070 ab
414 1030 630 1084 equitibus
657 1030 1007 1084 opprimerentur,
1038 1029 1123 1070 rari
1149 1043 1195 1070 ac
1221 1027 1379 1083 singuli

39 1094 89 1136 de
123 1108 227 1148 rupe
263 1093 432 1148 prodire
471 1096 513 1135 et
551 1109 720 1135 summa
755 1097 897 1148 petere
935 1095 1066 1136 collis.
1128 1093 1242 1144 Quos
1281 1093 1378 1135 Cae·
1403 1104 1425 1135 4

39 1159 143 1201 saris
186 1159 348 1213 equites
392 1159 607 1200 consecuti
650 1159 807 1213 partim
850 1158 1172 1213 interfecerunt,
1220 1158 1379 1213 partim

39 1223 230 1266 vivorum
273 1225 373 1264 sunt
414 1223 560 1277 potiti3
611 1222 763 1265 deinde
806 1223 1000 1277 protinus
1044 1222 1195 1264 collem
1237 1225 1380 1277 petere

40 1287 343 1330 contenderunt
391 1290 516 1342 atque
567 1301 663 1328 eum
717 1287 893 1329 decusso
942 1287 1119 1329 Labieni
1169 1287 1379 1341 praesidio

40 1351 229 1395 celeriter
265 1354 588 1406 occupaverunt.
650 1351 862 1393 Labienus
900 1366 996 1393 cum
1032 1354 1152 1406 parte
1188 1352 1380 1405 equitum

41 1417 111 1459 vix
139 1416 241 1471 fuga
271 1416 354 1458 sibi
384 1417 550 1471 peperit
580 1416 777 1458 salutem.

125 1480 194 1522 LI.
254 1480 347 1522 Hac
384 1496 429 1523 re
465 1496 541 1535 per
581 1481 745 1536 equites
789 1482 910 1536 gesta
947 1478 1099 1521 Caesar
1139 1478 1380 1534 legionibus
1408 1492 1425 1521 1

42 1560 167 1600 opera
203 1545 422 1587 distribuit
459 1548 586 1600 atque
625 1546 669 1586 in
708 1559 756 1587 eo
795 1544 917 1599 colle,
958 1559 1041 1599 quo
1081 1546 1171 1585 erat
1206 1543 1382 1597 potitus,

42 1612 176 1652 castra
211 1610 404 1651 munivit.
466 1609 629 1651 Deinde
669 1609 720 1650 ab
759 1610 846 1650 suis
883 1609 1080 1650 maximis
1119 1608 1268 1650 castris
1308 1622 1382 1661 per
1407 1620 1427 1650 2

42 1673 224 1715 medium
256 1688 451 1728 campum
483 1689 505 1715 e
537 1674 715 1729 regione
748 1674 892 1728 oppidi
922 1673 1091 1727 Uzitae,
1130 1672 1243 1727 quod
1273 1671 1383 1713 inter

43 1751 117 1780 sua
147 1739 284 1779 castra
315 1740 357 1780 et
389 1737 603 1792 Scipionis
635 1739 680 1780 in
713 1737 888 1793 planitie
919 1738 1107 1792 positum
1145 1739 1235 1778 erat
1271 1739 1382 1778 tene-

43 1801 247 1857 baturque
284 1802 336 1844 ab
370 1801 579 1857 Scipione,
611 1803 693 1844 duo
729 1801 902 1843 brachia
934 1801 1122 1842 instituit
1160 1802 1309 1842 ducere
1341 1803 1383 1842 et

43 1866 102 1908 ita
125 1866 325 1922 derigere,
353 1869 402 1908 ut
427 1867 479 1908 ad
505 1866 712 1922 angulum
742 1867 938 1908 dextrum
962 1866 1266 1920 sinistrumque
1292 1865 1382 1907 eius

45 1931 188 1986 oppidi
225 1931 507 1973 convenirent.
575 1930 625 1973 Id
661 1931 741 1973 hac
778 1931 941 1972 ratione
985 1945 1091 1985 opus
1135 1930 1382 1984 instruebat,
1408 1942 1428 1972 3

44 1997 102 2050 ut,
126 2009 220 2037 cum
241 1996 415 2050 propius
442 1996 645 2051 oppidum
673 1996 815 2050 copias
841 1995 1098 2037 admovisset
1123 2009 1383 2050 oppugnare—

0 2066 5 2116 ‚¹
46 2073 125 2114 que
156 2060 379 2115 coepisset,
417 2063 529 2102 tecta
558 2060 694 2102 latera
726 2060 813 2101 suis
851 2060 1160 2101 munitionibus
1198 2059 1383 2114 haberet,

0 2122 5 2163 ζ
45 2137 96 2164 ne
127 2123 178 2165 ab
209 2124 422 2178 equitatus
453 2124 728 2166 multitudine
755 2125 1064 2166 circumventus
1091 2124 1142 2165 ab
1170 2137 1383 2178 oppugna-

0 2194 5 2217 *
45 2186 157 2229 tione
201 2188 498 2244 deterreretur,
543 2190 761 2244 praeterea
811 2204 894 2244 quo
943 2189 1110 2230 facilius
1162 2188 1385 2242 conloquia

0 2259 5 2291 εἰ
44 2250 137 2293 fieri
161 2255 346 2307 possent,
378 2256 418 2295 et
443 2254 480 2295 si
506 2253 580 2308 qui
604 2253 827 2308 perfugere
852 2252 1022 2307 vellent,
1054 2252 1098 2293 id
1124 2251 1236 2306 quod
1262 2254 1385 2293 antea

0 2327 5 2348 ὴ
47 2328 165 2370 saepe
195 2317 412 2359 accidebat
436 2331 591 2372 magno
618 2332 715 2359 cum
742 2331 887 2359 eorum
911 2316 1112 2371 periculo,
1143 2319 1235 2357 tum
1260 2315 1382 2357 facile
