1669 2574
207 95 257 130 Vl
732 93 1013 130 PRAEFATIO.

207 196 274 233 sed
317 198 387 233 aut
424 193 646 232 hominibus
690 193 877 232 historiae
916 194 1115 232 Romanae
1155 195 1356 244 studiosis,
1397 197 1465 245 qui
1503 209 1547 235 eo

207 267 337 292 carere
375 266 452 291 non
490 254 672 301 possunt,
706 255 775 290 aut
808 253 879 301 eis,
914 253 982 301 qui
1020 254 1187 291 sermoni
1218 255 1375 305 vulgari
1407 267 1546 305 cogno-

207 312 347 350 scendo
381 323 539 360 operam
566 311 672 359 dant,
705 312 796 348 usui
822 312 884 349 sit.
926 311 1078 349 Horum
1109 315 1243 350 autem
1269 314 1444 352 omnium
1469 327 1546 352 non

207 372 371 409 interest
402 373 556 408 textum
587 370 627 407 in
659 370 840 408 manibus
873 370 1027 418 habere,
1061 372 1130 420 qui
1161 372 1275 410 facile
1308 373 1386 423 legi
1418 372 1554 422 possit,

208 431 276 468 sed
308 430 416 477 scire,
451 428 547 477 quid
578 429 699 466 fuerit
731 430 771 466 in
805 430 1018 478 archetypo
1051 430 1085 480 β.
1189 435 1191 437 ’

328 488 535 527 Codicibus
572 500 668 526 usus
709 500 795 526 sum
834 488 971 525 iisdem
1016 490 1136 537 atque
1174 490 1213 526 in
1255 490 1412 528 edendis
1451 503 1551 528 com-

207 547 410 585 mentariis
450 547 519 596 qui
556 550 649 585 sunt
688 547 733 584 de
775 548 887 585 Bello
921 547 1053 595 Civili,
1091 547 1374 597 Alexandrino,
1406 550 1551 588 Africo.

207 607 341 655 Atque
381 606 552 645 codicem
590 606 824 644 Thuaneum
861 604 926 655 (T)
968 606 1051 655 ipse
1096 608 1256 644 contuli.
1313 608 1551 647 Collationes

212 665 391 704 codicum
416 665 618 703 Ursiniani
642 663 726 715 (U),
758 665 1074 703 Vindobonensis
1097 663 1181 715 (V),
1213 666 1460 705 Riccardiani
1485 665 1550 716 (F)

209 737 292 774 cap.
322 726 523 773 28—36,
554 727 594 771 13
634 726 706 772 40,
737 726 889 761 7-—42
930 724 978 761 ab
1016 725 1101 773 ipso
1134 725 1425 764 accuratissime
1465 739 1552 765 con-

208 785 330 822 fectas
356 784 581 832 Meuselius,
614 783 675 821 vir
707 783 871 821 eximiae
903 783 1166 832 liberalitatis,
1201 785 1328 832 qualis
1359 785 1399 822 in
1430 786 1552 824 homi-

209 843 324 881 nibus
345 856 434 881 vere
461 842 586 881 doctis
608 854 689 880 esse
716 843 826 891 Solet,
853 842 1020 880 utendas
1046 842 1142 879 mihi
1167 843 1356 892 permisit.
1402 843 1553 882 Codicis

207 902 468 940 Laurentiani
515 903 585 950 68,
614 902 637 939 8
675 899 758 951 (W)
807 901 1016 940 collatione
1062 913 1106 939 ea
1149 914 1244 939 usus
1289 914 1392 951 sum,
1435 916 1553 952 quam

207 962 255 999 H.
283 961 509 1011 Rostagnus
548 961 588 997 in
628 959 860 999 Studiorum
897 961 1129 999 Italicorum
1166 960 1411 1012 Philologiae
1448 961 1551 1000 Clas-

209 1021 310 1058 sicae
337 1020 536 1059 volumine
563 1019 602 1056 II
633 1033 669 1068 p.
696 1021 924 1058 135—138
958 1019 1108 1069 publici
1134 1020 1230 1057 iuris
1258 1020 1361 1058 fecit.
1402 1020 1553 1059 Codicis

207 1079 571 1117 Ashburnhamiani
604 1076 665 1128 (S)
700 1081 779 1116 tres
808 1079 1036 1117 collationes
1068 1079 1165 1116 mihi
1196 1082 1353 1128 praesto
1379 1080 1552 1129 fuerunt,

208 1151 298 1187 una,
327 1151 445 1187 quam
467 1137 667 1175 Grevenus
694 1138 733 1175 in
759 1150 876 1175 usum
902 1138 1133 1176 Mommseni
1160 1138 1352 1187 instituit,
1380 1139 1505 1177 altera
1531 1151 1553 1177 a

208 1198 468 1246 Woelfflinio,
501 1197 620 1235 tertia
653 1209 675 1234 a
701 1197 947 1235 Miodonskio
979 1197 1096 1235 facta.
1142 1196 1250 1242 Quae
1282 1197 1350 1235 ubi
1382 1198 1485 1236 inter
1515 1210 1554 1236 se

209 1257 502 1306 discrepabant,
540 1256 807 1295 VVoelfflinius
847 1256 974 1294 denuo
1020 1256 1190 1295 codicem
1230 1256 1454 1295 Florentiae
1498 1257 1552 1294 in-

211 1316 338 1365 spexit
370 1328 510 1364 meque
536 1327 689 1353 summa
716 1328 805 1353 cum
837 1315 1085 1353 humanitate
1113 1315 1158 1352 de
1185 1316 1356 1365 genuina
1388 1316 1554 1355 lectione

210 1376 416 1413 certiorem
448 1375 551 1412 fecit.
590 1375 748 1423 Inspexi
781 1387 940 1424 quoque
967 1375 1219 1413 collationem
1245 1375 1387 1413 codicis
1407 1375 1551 1413 Vindo-

209 1434 390 1473 bonensis
436 1446 457 1471 a
503 1434 760 1472 Polaschekio
805 1434 845 1470 in
890 1433 1216 1482 Ephemeridibus
1260 1434 1555 1484 gymnasiorum

210 1493 512 1531 Austriacorum
545 1505 577 1530 a.
608 1494 718 1530 1892
752 1493 895 1542 12:384
917 1505 972 1542 sq.
1006 1493 1163 1530 editam.
1209 1492 1317 1537 Quae
1349 1497 1555 1542 praeterea

210 1552 255 1590 de
288 1552 466 1591 codicum
498 1552 732 1590 lectionibus
765 1551 962 1601 adnotavi,
997 1564 1041 1590 ea
1068 1565 1113 1589 ex
1140 1552 1378 1591 editionibus
1400 1550 1554 1590 Ouden-

210 1612 348 1661 dorpii,
381 1611 607 1660 Nipperdei,
640 1611 840 1648 Duebneri
873 1611 1056 1660 excerpsi.

328 1670 543 1709 Hominum
576 1670 791 1718 doctorum,
825 1671 894 1719 qui
926 1673 1061 1708 nostra
1087 1672 1218 1708 aetate
1245 1670 1336 1708 huic
1363 1682 1554 1708 commen-

210 1731 312 1769 tario
352 1729 593 1767 emendando
633 1742 792 1778 operam
831 1729 1023 1767 dederunt
1062 1751 1116 1755 —
1154 1729 1303 1778 priores
1342 1729 1445 1767 enim
1483 1729 1557 1767 etsi

210 1802 288 1827 non
320 1789 491 1839 neglexi,
524 1791 656 1826 tamen
690 1801 918 1826 enumerare
950 1801 1054 1826 nunc
1086 1788 1320 1837 supersedeo
1355 1810 1408 1814 —
1442 1788 1555 1826 facile

211 1848 429 1897 principem
460 1848 591 1885 locum
622 1850 731 1885 tenet
763 1848 991 1886 Theodorus
1018 1848 1244 1886 Mommsen.
1287 1846 1362 1891 Qui
1395 1859 1483 1884 cum
1515 1847 1555 1884 in

210 1907 354 1944 Herme
398 1906 643 1944 Berolinensi
682 1919 715 1944 a.
754 1908 864 1945 1893
904 1920 941 1955 p.
971 1908 1051 1945 607
1075 1918 1131 1955 sq.
1175 1918 1359 1956 magnam
1403 1906 1556 1954 copiam

212 1966 515 2004 adnotationum
542 1967 579 2002 et
611 1965 930 2003 emendationum
956 1966 996 2002 in
1021 1965 1149 2002 lucem
1180 1965 1421 2013 protulisset,
1453 1977 1556 2002 nunc

213 2025 342 2063 denuo
380 2025 563 2074 plagulas
602 2024 718 2061 huius
751 2036 859 2062 meae
893 2024 1092 2072 editionis,
1127 2036 1205 2072 qua
1243 2035 1395 2072 semper
1427 2026 1485 2061 est
1516 2024 1556 2060 in

212 2097 273 2122 me
304 2084 548 2134 benignitate
582 2095 625 2120 ac
657 2083 942 2131 benevolentia,
974 2083 1106 2132 legens
1132 2083 1349 2131 permultas
1376 2082 1555 2120 observa-

212 2144 339 2182 tiones
382 2142 553 2193 margini
597 2142 815 2191 adscripsit.
879 2141 984 2186 Quas
1022 2142 1101 2179 fere
1147 2153 1278 2179 omnes
1319 2141 1351 2178 si
1395 2154 1473 2180 non
1517 2142 1557 2179 in

212 2204 367 2240 textum
405 2201 550 2250 recepi,
589 2203 630 2238 at
673 2204 804 2238 tamen
844 2200 883 2237 in
927 2200 1172 2249 praefatione
1211 2200 1348 2238 critica
1392 2213 1555 2239 comme-

213 2261 375 2299 moravi.
416 2261 520 2298 Nam
553 2272 795 2309 quamquam
827 2260 984 2308 saepius
1016 2272 1077 2296 me
1109 2259 1264 2297 monuit
1290 2259 1350 2297 vir
1381 2259 1555 2310 ingenio-

218 2320 395 2358 sissimus
429 2322 467 2357 et
499 2333 568 2368 per
593 2319 746 2357 litteras
774 2322 811 2356 et
838 2330 968 2357 coram
1000 2330 1153 2356 mecum
1179 2318 1225 2355 de
1257 2319 1409 2357 ratione
1441 2318 1557 2356 huius

216 2379 399 2418 editionis
439 2378 662 2427 disputans,
694 2380 740 2415 ut
778 2378 1002 2416 cautissime
1036 2391 1081 2415 ex
1119 2377 1200 2415 suis
1238 2377 1557 2416 adnotationibus
