1638 2600
527 112 620 148 VIII.
651 110 926 146 EPISTULAE.
1313 108 1398 149 219

58 212 197 254 omnia,
223 221 313 255 quae
339 210 521 251 vellemus,
547 220 570 243 a
597 207 748 242 Caesare
772 207 1070 250 impetrarentur,
1095 203 1190 249 quod
1221 203 1400 248 iutelleyes

58 270 101 294 ea:
126 259 172 293 iis
198 258 337 301 litteris,
362 268 452 302 quas
479 256 612 292 Caesar
637 255 685 289 acl
710 258 741 289 te
765 254 872 288 dedit.

505 374 537 397 a.
557 373 593 396 u.
614 372 641 396 c.
668 359 833 394 DCCIX
858 360 948 402 (45).
1411 362 1535 416 gez-1}

433 430 726 467 INCERTUM
747 430 823 464 AD
855 428 1020 474 QUEM.
1437 426 1504 457 (45).

154 506 224 540 Cic.
245 504 294 539 ad
313 504 387 539 Att.
410 504 536 546 XIII,
556 504 590 545 7,
611 505 630 536 1
659 503 781 545 (meris.
803 501 917 543 Iura).
962 499 1099 534 Sestius
1124 499 1225 544 apud
1249 511 1302 534 me
1326 499 1401 542 fuit

56 557 88 588 et
118 553 362 596 Theopompus
392 552 514 595 pridie
523 564 535 593 ;
559 549 694 584 vertisse
719 560 742 583 a
770 548 920 583 Caesare
945 547 1124 581 narrabat
1149 548 1307 590 litteras;
1337 547 1401 581 hoc

55 601 217 642 scribere,
242 599 312 634 sibi
337 603 469 634 certum
495 608 566 633 esse
591 596 727 631 Romae
753 606 912 637 mauere,
938 605 1154 638 causamque
1179 606 1256 628 eam
1288 595 1399 629 ascri-

56 648 151 690 bere,
176 658 267 692 quae
297 650 374 681 erat
399 647 440 680 iu
465 645 620 689 epistula
643 647 786 685 uostra,
811 654 855 676 ue
879 653 915 676 se
941 642 1082 676 absente
1115 642 1204 687 leyes
1228 652 1315 676 suae
1340 652 1399 676 ue-

55 695 288 741 9le9ereutur,
313 694 407 728 sicut
432 697 518 728 esset
541 691 699 737 ‘neglecta
723 689 963 734 sumptuaria.

332 800 408 834 AD
435 799 490 834 M.
521 796 773 833 TULLIUM
797 794 1127 831 CICERONEM.

152 872 223 907 Cic.
244 871 293 906 ad
312 871 386 906 Att.
408 870 529 912 XIII,
548 871 609 911 20,
629 872 648 903 1
671 870 793 912 (meris.
812 866 983 911 Quina).
1022 866 1059 900 A
1086 865 1238 900 Caesare
1264 866 1413 900 litteras¹

57 920 176 964 accepi
213 919 471 954 consolatorias
509 917 615 951 datas
646 915 769 960 pridie
802 915 888 948 Kal.
917 914 1046 948 Maias
1078 913 1241 957 Hispali.
1270 934 1313 938 —
1353 913 1404 947 ad

53 968 128 1002 Att.
148 968 216 1010 22,
236 969 258 1001 5
283 965 494 1010 Epistulam
522 963 688 999 Caesaris
712 962 806 1004 misi,
831 962 863 996 si
891 962 1010 996 mz'uus
1037 961 1186 1006 leyisses.

389 1070 465 1105 AD
491 1069 695 1105 REGEM
717 1067 1059 1103 DEIOTARUM.

150 1143 221 1179 Cic.
238 1154 307 1187 pro
327 1143 448 1178 Deiot.
470 1144 529 1176 38.
565 1142 642 1187 Quo
668 1141 810 1185 quidem
836 1140 957 1174 auimo
977 1150 1057 1173 cum
1082 1142 1190 1173 autea
1214 1139 1300 1182 fuit,
1326 1143 1402 1173 tum

54 1203 128 1227 uon
153 1192 295 1233 dubito,
320 1191 410 1235 quin
441 1190 514 1225 tuis
539 1189 684 1231 litteris,
717 1199 871 1232 quarum
896 1187 1095 1230 eoeemplum
1125 1186 1211 1231 leyi,
1237 1197 1327 1230 quas
1352 1186 1402 1220 ad

53 1251 133 1275 eum
161 1239 366 1273 Tarracone
395 1238 480 1272 huie
511 1237 695 1271 Blesamio
726 1235 874 1277 dedisti,
899 1245 934 1269 se
965 1234 1081 1279 mayis
1112 1234 1219 1268 etiam
1252 1233 1402 1268 erexerit

53 1287 99 1322 ab
137 1286 302 1330 omnique
345 1285 589 1320 sollicitudine
629 1283 856 1318 abstraxerit.
907 1282 1014 1316 Iubes
1057 1281 1152 1315 euim
1195 1292 1274 1315 eum
1318 1281 1402 1315 bene

57 1345 197 1379 sperare
221 1337 253 1368 et
279 1333 368 1367 bono
391 1343 462 1367 esse
487 1332 620 1366 animo.

389 1427 466 1461 AD
495 1425 706 1461 OPPIUM
729 1425 804 1459 ΕΤ
824 1423 1069 1459 BALBUM.

150 1499 221 1533 Cic.
249 1499 298 1533 ad
325 1498 398 1533 Att.
426 1497 552 1540 XIII,
578 1499 636 1539 31,
663 1499 685 1531 3
711 1496 768 1540 (V
790 1496 877 1530 Kal.
904 1496 1019 1538 Iun).
1070 1494 1128 1529 De
1161 1494 1317 1538 epistula
1352 1494 1402 1528 ad

57 1546 243 1581 Caesarem
270 1543 433 1589 κέκρικα.
478 1545 597 1589 Atque
621 1545 661 1579 id
686 1545 817 1589 ipsum,
843 1543 937 1588 quod
962 1543 1025 1578 isti
1050 1542 1158 1577 aiunt
1183 1542 1287 1576 illum
1313 1542 1400 1576 scri—

55 1595 149 1636 bere,
174 1605 209 1628 se
233 1594 308 1628 uisi
332 1593 537 1627 constitutis
561 1592 666 1626 rebus
691 1603 766 1626 ‘nori
790 1592 928 1626 iturum
953 1591 995 1624 iu
1021 1590 1195 1632 Parthos,
1220 1589 1314 1624 idem
1339 1599 1401 1634 eqo

53 1641 249 1677 suadebam
273 1641 314 1674 iri
339 1641 405 1675 illa
430 1640 598 1684 epistula,
621 1644 744 1674 utrum
771 1639 902 1681 liberet,
926 1638 1069 1681 faceret.

557 1734 633 1768 AD
659 1733 897 1767 LAMIAM.

152 1800 223 1836 Cic.
245 1801 294 1835 ad
313 1800 388 1835 Att.
411 1800 529 1842 XIII,
549 1801 607 1841 45,
627 1803 646 1833 1
670 1801 720 1842 (a.
741 1798 774 1833 d.
796 1798 869 1832 III
882 1798 939 1832 Id.
955 1797 1080 1840 Sext).
1116 1796 1210 1831 Fuit
1229 1796 1329 1840 apud
1347 1807 1401 1830 me

54 1848 190 1883 Lamia
210 1852 293 1892 post
323 1848 515 1882 discessum
540 1851 642 1881 tuum
667 1846 924 1890 epistulamque
949 1845 998 1879 ad
1023 1855 1076 1879 me
1101 1844 1224 1879 attulit
1254 1844 1400 1877 missam

55 1897 125 1931 sibi
151 1907 174 1930 a
201 1895 364 1938 Caesare,
389 1906 480 1939 quae
505 1905 722 1938 quamquam
748 1897 830 1928 aute
855 1893 944 1928 data
969 1896 1046 1927 erat
1070 1903 1179 1936 quam
1203 1891 1288 1925 illae
1307 1891 1399 1925 Dio-

54 1944 243 1985 charinae,
280 1947 400 1977 tamen
432 1942 543 1986 plane
577 1941 785 1976 declarabat
821 1941 925 1974 illum
957 1943 1040 1974 aute
1077 1939 1181 1973 ludos
1215 1938 1401 1973 Romanos

54 2001 126 2026 esse
163 1994 374 2033 venturum;
411 1990 452 2023 iri
489 2000 561 2033 qua
599 1993 755 2023 extrema
791 1988 964 2032 scriptum
1001 1991 1095 2029 erat,
1131 1991 1172 2021 ut
1209 1986 1258 2020 ad
1297 1986 1400 2019 ludos

55 2039 178 2073 omnia
215 2041 367 2082 pararet
403 2048 487 2071 rzeve
523 2036 751 2071 committeret
787 2040 828 2071 ut
869 2036 1010 2078 frustra
1047 2035 1122 2078 ipse
1160 2037 1398 2078 properasset.

56 2085 214 2120 Prorsus
250 2096 294 2119 em
329 2085 385 2119 his
423 2084 551 2119 litteris
579 2094 654 2118 riori
684 2083 873 2118 videbatur
904 2093 974 2117 esse
1004 2082 1166 2124 dubium,
1197 2081 1287 2125 quiri
1318 2084 1401 2114 aute

57 2144 134 2168 eam
171 2133 265 2167 diem
295 2136 466 2167 venturus
500 2135 602 2174 esset,
637 2132 786 2175 itemque
818 2130 956 2173 Balbo,
988 2141 1067 2164 cum
1097 2140 1175 2163 eam
1209 2128 1400 2172 epistulam

55 2180 204 2226 leyisset,
230 2179 344 2214 videri
368 2179 503 2213 Lamia
528 2178 677 2213 dicebat.

553 2273 630 2308 AD
657 2273 899 2308 BALBUM.

151 2338 222 2374 Cic.
249 2338 298 2373 ad
323 2338 397 2373 Att.
426 2339 550 2383 XIII,
577 2341 642 2381 46,
666 2340 691 2373 2
723 2339 833 2382 (prid.
864 2338 921 2372 Id.
949 2337 1073 2380 Sext).
1124 2336 1285 2370 Balbum
1316 2346 1396 2369 cou-

59 2387 136 2421 veni
162 2414 168 2421 .
193 2414 199 2420 .
222 2413 228 2420 .
256 2397 299 2421 eoe
323 2396 361 2420 eo
386 2386 471 2421 haee
486 2387 665 2430 primum:
689 2386 824 2430 „paulo
845 2390 926 2420 aute
947 2395 1150 2428 acceperam
1170 2394 1229 2418 eas
1249 2383 1398 2426 litteras,

1116 2443 1184 2477 15*
