1638 2600
412 107 511 142 CAP.
539 105 1000 141 XXXXIHI—XXXXVII.
1318 103 1366 144 31

128 202 364 246 XXXXVI.
419 203 618 245 Vatinius
657 217 751 244 cum
795 202 982 243 animum
1026 200 1263 242 adverteret
1305 212 1372 239 ne·
1402 208 1418 238 1

43 284 123 325 que
150 269 321 310 navium
348 283 391 309 se
416 259 709 322 magnitudine
735 281 870 320 neque
902 280 1076 307 numero
1108 278 1252 319 parem
1284 277 1374 304 esse

41 333 208 375 futurae
245 332 524 385 dimicationi,
567 332 761 373 fortunae
801 334 937 372 tamen
973 344 1096 383 quam
1130 330 1254 382 fuyac
1285 341 1373 368 rem

42 397 304 440 committere
346 396 508 438 maluit.
571 395 718 451 ltaque
761 395 924 449 primus
966 408 1042 434 sua
1082 390 1373 448 quinqueremi

41 462 85 504 in
117 461 423 516 quadriremem
462 461 596 515 ipsius
629 459 1033 512 Octavii‘impetum
1066 458 1176 499 fecit.
1240 455 1373 498 Celer·
1401 461 1422 491 2

40 527 146 568 rime
176 526 492 580 fortissimeque
527 528 672 566 contra
702 524 777 565 illo
809 522 1043 577 remigante
1075 536 1202 563 naves
1235 521 1375 561 adver-

42 604 110 632 sae
153 590 303 631 rostris
348 592 651 631 concurrerunt
695 588 796 629 adeo
834 584 1121 638 vehementer,
1164 587 1213 626 ut
1255 583 1375 625 navis

42 653 272 696 Octaviana
314 656 453 696 rostro
499 654 686 694 discusso
734 652 851 707 ligno
897 650 1194 692 contineretur.
1258 648 1375 689 Com·
1402 655 1424 686 3

40 719 227 760 mittitur
259 719 411 761 acriter
444 719 621 774 reliquis
652 717 756 759 locis
787 715 996 771 proelium
1028 713 1376 767 concurriturque

42 784 94 826 ad
137 784 261 825 duces
303 784 505 824 maxime:
555 797 652 824 nam
696 796 791 823 cum
835 795 910 822 suo
950 779 1129 833 quisque
1171 777 1375 819 auxilium

40 848 186 902 ferret,
226 862 428 903 magnum
467 847 702 889 comminus
740 846 783 887 in
816 847 997 900 angusto
1029 843 1136 884 mari
1167 841 1375 896 proelium

40 913 200 954 factum
227 915 302 954 est.
365 911 615 966 Quantoque
643 910 878 953 coniunctis
910 908 1046 963 magis
1078 908 1257 949 navibus
1284 921 1376 948 con·
1402 915 1425 945 4

42 978 215 1033 fligendi
247 980 436 1031 potestas
463 977 652 1030 dabatur,
685 978 805 1017 tanto
839 974 1077 1028 superiores
1110 975 1229 1014 erant
1260 970 1376 1013 Vati-

42 1042 175 1096 niani3
215 1041 287 1095 qui
327 1041 572 1082 admiranda
608 1041 768 1081 virtute
806 1053 858 1080 ex
895 1038 983 1079 suis
1015 1037 1194 1078 navibus
1225 1037 1269 1077 in
1305 1035 1377 1077 ho·

43 1107 173 1148 stium
210 1120 337 1147 naves
377 1106 591 1147 transilire
629 1120 714 1146 non
746 1103 998 1145 dubitabant
1036 1105 1077 1143 et
1109 1100 1378 1142 dimicatione

44 1173 223 1225 aequata
262 1170 388 1225 longe
434 1170 671 1224 superiores
711 1168 869 1210 virtute
913 1181 1002 1208 rem
1041 1166 1222 1208 feliciter
1266 1179 1378 1221 gere-

42 1235 158 1277 bant.
217 1234 482 1289 Deprimitur
519 1234 653 1288 ipsius
685 1231 850 1274 Octavii
883 1231 1180 1286 quadriremis,
1219 1230 1378 1271 multae
1405 1237 1427 1268 5

43 1302 260 1354 praeterea
290 1298 514 1352 capiuntur
546 1300 619 1338 aut
656 1298 807 1339 rostris
843 1296 1080 1350 perforatae
1111 1298 1380 1350 merguntur3

43 1365 380 1418 propugnatores
407 1360 627 1403 Octaviani
659 1362 815 1416 partim
841 1361 885 1401 in
911 1360 1090 1401 navibus
1121 1360 1380 1415 iugulantur,

44 1428 201 1483 partim
238 1428 282 1468 in
318 1442 432 1468 mare
473 1426 817 1481 praecipitantur.
880 1424 976 1479 Ipse
1015 1424 1216 1466 Octavius
1255 1438 1299 1465 se
1336 1424 1380 1465 in
1407 1433 1428 1463 6

46 1492 244 1547 scapham
287 1492 466 1546 confert3
510 1492 554 1532 in
599 1506 726 1546 quam
768 1490 911 1544 plures
956 1504 1051 1531 cum
1094 1489 1381 1544 confugerent,

46 1558 243 1612 depressa
285 1557 441 1612 scapha
482 1556 729 1598 vulneratus
769 1558 910 1597 tamen
953 1555 1125 1596 adnatat
1165 1554 1217 1595 ad
1257 1568 1381 1596 suum

45 1636 357 1676 myoparonem.
423 1621 489 1664 Eo
527 1624 739 1676 recethS‚
780 1634 875 1661 cum
916 1618 1124 1673 proelium
1162 1633 1247 1659 nox
1285 1618 1381 1659 diri·
1409 1628 1429 1658 7

46 1689 199 1740 meret,
241 1689 493 1741 tempestate
533 1700 688 1741 magna
726 1684 832 1726 velis
872 1683 1075 1738 profugit.
1139 1682 1383 1737 Sequuntur

46 1751 158 1793 hunc
183 1765 283 1792 suae
308 1765 435 1792 naves
461 1749 702 1803 nonnullae,
735 1763 839 1803 quas
867 1762 988 1789 casus
1016 1748 1067 1789 ab
1094 1747 1168 1788 illo
1194 1747 1382 1801 periculo

47 1815 290 1857 vindicarat.

134 1878 392 1921 XXXXVH.
438 1879 497 1921 At
522 1879 722 1921 Vatinius
748 1893 792 1920 re
817 1878 923 1920 bene
957 1880 1077 1932 gesta
1107 1875 1296 1930 receptui
1323 1890 1383 1916 ce·
1412 1887 1429 1916 1

50 1943 152 1986 cinit
183 1944 354 1998 suisque
386 1944 582 1986 omnibus
614 1943 899 1985 incolumibus
933 1943 977 1984 in
1009 1956 1106 1984 eum
1138 1956 1181 1982 se
1212 1943 1384 1995 portum

49 2008 184 2050 victor
208 2008 378 2063 recepit⁷
408 2023 491 2063 quo
518 2023 570 2050 ex
594 2011 723 2062 portu
750 2007 895 2049 classis
916 2005 1082 2048 Octavii
1108 2006 1161 2046 ad
1187 2005 1384 2047 dimican-

51 2073 149 2115 dum
178 2075 452 2127 processerat.
503 2072 627 2127 Capit
652 2088 704 2114 ex
730 2087 778 2114 eo
810 2071 971 2126 proelio
1003 2073 1220 2126 penterem
1246 2083 1386 2123 unam,
1411 2080 1431 2109 2

50 2138 241 2180 triremes
273 2138 394 2192 duas,
426 2138 610 2179 dicrotas
642 2149 726 2178 V111
752 2136 1075 2190 compluresque
1106 2134 1289 2188 remiges
1310 2131 1386 2174 Oc-

50 2203 240 2244 tavianos
288 2205 543 2257 posteroque
586 2203 647 2244 ibi
686 2202 770 2256 die,
822 2202 921 2242 dum
966 2215 1062 2243 suas
1114 2199 1386 2253 captivasque

50 2281 175 2308 naves
206 2266 412 2321 reficeret,
454 2269 706 2321 consumpto
738 2269 836 2321 post
868 2266 979 2307 diem
1011 2264 1185 2306 tertium
1218 2265 1386 2303 conten-

51 2330 112 2372 dit
148 2331 192 2372 in
229 2331 411 2372 insulam
448 2330 602 2385 Issam,
644 2331 757 2386 quod
795 2345 843 2372 eo
883 2345 926 2371 se
964 2329 1171 2383 recepisse
1204 2342 1255 2369 ex
1285 2327 1388 2382 fuga
