1638 2600
575 131 669 166 VIII.
702 131 978 166 EPISTULAE.
1363 131 1448 173 215

481 226 777 261 INGERTUM
799 226 874 261 AD
904 226 1068 271 QUEM.
1463 234 1587 288 30¹3&

201 295 272 331 Cic.
299 297 348 331 acl
373 297 447 332 Att.
476 297 555 339 XI,
577 300 611 338 6,
634 299 655 331 7
681 299 730 340 (a.
752 297 786 331 cl.
812 297 877 331 IV
893 297 980 332 Kal.
1002 297 1117 340 Dec).
1168 297 1226 332 De
1250 297 1328 340 filio
1352 297 1448 332 nihil
1493 298 1551 330 (48)

101 344 244 387 audivi,
270 345 330 379 secl
356 355 486 389 quaere
511 355 554 379 ece
578 344 779 387 Diochare,
807 344 974 379 Caesaris
1000 345 1136 387 liberto,
1162 355 1264 389 quem
1288 355 1350 391 eqo
1375 355 1450 379 non

100 392 197 434 vicli,
234 391 297 436 qui
334 392 423 426 istas
453 391 689 426 Aleoecmdrea
728 392 864 426 litteras
901 392 1042 427 attulit:
1078 392 1110 427 is
1147 392 1282 427 elicitur
1319 392 1450 427 vidisse

101 443 242 474 euntem
267 449 317 473 an
341 439 416 473 iam
440 438 482 473 in
506 438 610 473 Asia.

620 532 697 567 AD
723 531 932 567 AMICOS.

196 603 296 639 Plut.
313 603 410 638 Caes.
427 606 484 638 43.
540 606 629 643 Τοῖς
652 602 693 638 δὲ
719 601 841 647 φίλοις
867 603 918 643 εἰς
937 602 1079 648 Ῥώμην
1104 603 1277 649 ἔγραφεν,
1304 602 1359 638 ὅτι
1385 610 1451 649 τῆς

99 648 206 695 νίκης
231 650 413 685 ἀπολαύοι
438 655 546 685 τοῦτο
572 649 741 696 μέγιστον
766 651 830 685 καὶ
855 649 1017 695 ἥδιστον,
1043 651 1083 686 τὸ
1111 652 1235 693 σώζειν
1260 651 1365 692 τινὰς
1390 652 1449 686 ἀεὶ

99 704 174 732 τῶν
200 696 506 743 πεπολεμηκότων
531 700 690 733 πολιτῶν
716 698 825 745 αὐτῷ.

528 817 605 851 AD
631 816 687 851 M.
714 815 1019 851 ANTONIUM.

196 880 266 916 Cic.
295 882 344 916 acl
368 882 443 917 Att.
471 882 545 925 XI,
566 886 600 925 7,
618 884 643 916 2
670 885 719 925 (a.
735 882 769 916 cl.
791 881 896 915 XIV
912 881 1000 915 Kal.
1020 881 1133 925 Ian.).
1183 881 1246 916 Ad
1271 893 1325 917 me
1350 883 1449 918 misit

99 927 286 963 Antonius
311 930 509 974 exemplum
531 929 697 964 Caesaris
723 929 771 963 acl
796 940 831 964 se
857 929 1070 972 litterarum,
1095 929 1136 963 in
1155 929 1286 973 quibus
1311 934 1388 965 erat
1411 941 1448 965 se

99 976 245 1010 audisse
272 976 441 1011 Catonem
472 981 504 1011 et
528 977 573 1011 L.
601 977 788 1011 DIetellum
820 977 860 1010 in
884 976 1036 1010 Italiam
1061 976 1214 1019 venisse,
1245 977 1382 1012 Romae
1406 981 1449 1012 ut

100 1027 217 1058 essent
236 1023 362 1067 palam
372 1037 386 1066 ,·
425 1024 464 1058 id
489 1025 560 1058 sibi
590 1035 665 1058 non
684 1025 846 1068 placere,
881 1034 926 1058 ne
951 1024 1014 1067 qui
1039 1028 1154 1059 motus
1178 1035 1222 1058 ex
1246 1035 1284 1059 eo
1310 1025 1447 1068 fierent,

94 1070 348 1115 prohibei-ique
373 1082 492 1105 omnes
511 1072 641 1114 Italia,
665 1072 740 1106 nisi
765 1082 918 1116 quorum
942 1071 1018 1115 ipse
1043 1082 1190 1106 causam
1209 1072 1448 1117 coqnovisset5

98 1117 209 1161 deque
234 1128 271 1152 eo
300 1118 534 1153 vehementius
559 1123 636 1154 erat
661 1119 843 1163 scriptum.

357 1224 434 1258 AD
462 1224 540 1259 CN.
567 1224 861 1260 DOMITIUM
884 1224 983 1259 CAL
992 1224 1183 1260 VINUM.

193 1288 284 1323 Bell.
311 1288 416 1324 Alex.
444 1291 508 1332 34,
528 1292 560 1324 3.
611 1289 673 1323 Ad
705 1290 858 1334 leqiones
885 1286 1069 1333 profectus
1098 1301 1212 1324 unam
1242 1301 1286 1325 eoe
1317 1291 1446 1334 tribus,

97 1336 298 1379 XXXVI,
328 1347 446 1371 secum
470 1337 588 1380 ducit,
620 1337 715 1372 (lucis
745 1337 787 1371 in
811 1337 1016 1382 Aeqyptum
1047 1337 1096 1372 acl
1123 1337 1311 1373 Caesarem
1336 1339 1446 1374 mittit

99 1383 228 1418 litteris
253 1384 330 1419 eius
354 1388 526 1418 evocatas.

192 1431 285 1466 Bell.
311 1431 416 1466 Aleoe.
444 1434 504 1474 38,
518 1435 550 1466 1.
597 1431 775 1466 Proxima
800 1435 900 1466 nocte
926 1431 1136 1466 Pharnaces
1159 1432 1366 1477 interceptis
1391 1437 1445 1468 ta·

98 1478 277 1521 bellariis,
308 1479 372 1523 qui
397 1479 439 1514 cle
465 1479 733 1514 Aleoeanclrinis
757 1479 861 1513 rebus
888 1478 1026 1514 litteras
1051 1479 1100 1513 ad
1124 1479 1330 1515 Domitium
1355 1481 1444 1524 fere-

99 1526 203 1568 bant,
229 1526 409 1571 coqnoscit
436 1526 622 1561 Caesarem
648 1537 778 1571 maqno
803 1527 844 1560 in
865 1526 1028 1570 periculo
1053 1527 1190 1561 'versari
1213 1528 1446 1573 flaqitarique

97 1573 142 1607 ab
161 1573 338 1615 Domitio,
362 1578 404 1608 ut
429 1585 536 1618 quam
557 1574 719 1618 primum
740 1573 888 1608 Caesari
913 1574 1078 1609 subsidia
1103 1575 1254 1610 mitteret
1274 1576 1444 1620 propius-

97 1631 163 1665 que
188 1621 263 1665 ipse
288 1621 556 1655 Alexandriam
579 1632 644 1665 per
669 1620 817 1666 Syriam
841 1621 1027 1656 accederet.

528 1751 562 1773 a.
588 1751 623 1774 u.
651 1750 677 1774 c.
705 1738 895 1774 DCCVII
917 1741 1008 1783 (47).
1447 1750 1590 1804 ὅὸὲιῇοῄ

369 1810 446 1844 AD
473 1810 528 1844 M.
559 1810 814 1846 TULLIUM
838 1810 1168 1846 CICERONEM.
1489 1816 1547 1845 (47)

192 1880 262 1915 Cic.
296 1881 345 1915 acl
375 1881 450 1916 Att.
478 1881 558 1923 XI,
578 1884 644 1923 16,
663 1885 683 1916 1
721 1884 771 1926 (a.
797 1882 831 1916 cl.
859 1882 933 1916 III
952 1882 1051 1917 Non.
1077 1882 1192 1925 Iun).
1248 1882 1339 1917 Non
1369 1894 1444 1918 meo

94 1927 182 1962 vitio
207 1928 265 1970 fit,
299 1928 364 1963 hoc
388 1929 531 1972 quidem
556 1933 707 1973 tempore
732 1950 777 1954 —
804 1933 887 1964 ante
911 1930 1007 1964 enim
1032 1933 1082 1964 est
1101 1933 1289 1973 peccatum
1315 1951 1378 1973 —,
1403 1935 1444 1966 ut

94 1986 147 2009 nze
178 1975 250 2010 ista
281 1976 431 2019 epistola
462 1976 557 2010 nihil
589 1977 808 2019 consoletur;
844 1988 932 2011 nam
962 1981 994 2012 et
1024 1977 1150 2022 cecique
1175 1977 1312 2021 scripta
1337 1982 1387 2013 est
1411 1983 1444 2013 et

94 2023 315 2066 suspiciones
340 2034 493 2068 maqnas
518 2024 622 2058 habet
646 2035 721 2058 non
746 2035 816 2059 esse
842 2024 887 2058 ab
913 2024 994 2067 illo,
1026 2035 1116 2069 quas
1147 2025 1443 2060 animadvertisse

94 2073 126 2104 te
151 2070 323 2104 existimo.
358 2091 401 2095 -
440 2070 503 2104 Acl
527 2071 601 2105 Att.
630 2071 709 2114 XI,
736 2074 794 2114 17,
814 2075 835 2106 3
864 2074 912 2115 (a.
940 2072 974 2106 cl.
1002 2071 1131 2106 XVII
1152 2072 1239 2106 Kal.
1270 2072 1440 2116 φαίνοι.)

94 2117 214 2151 Illum
245 2118 290 2151 ab
321 2117 557 2153 Alexandrea
589 2119 788 2153 discessisse
818 2129 920 2153 nemo
950 2120 1117 2162 nuntiat,
1155 2123 1360 2164 constatque
1397 2131 1443 2155 ne

91 2165 294 2208 profectum
319 2165 461 2209 quidem
492 2166 586 2200 illim
618 2177 829 2210 quemquam
855 2170 939 2211 post
962 2167 1056 2201 Idus
1081 2166 1245 2201 Martias
1275 2178 1340 2202 nec
1358 2171 1443 2211 post

94 2212 187 2245 Idus
206 2211 389 2246 Decembr.
417 2213 462 2246 ab
488 2213 551 2247 illo
577 2213 683 2248 datas
708 2214 804 2248 ullas
830 2214 979 2257 litteras,
1004 2225 1048 2248 eac
1067 2224 1135 2258 quo
1155 2214 1328 2259 intelliqis
1347 2215 1442 2249 illucl

94 2259 137 2293 de
171 2259 298 2293 litteris
329 2271 361 2293 a.
389 2260 422 2294 cl.
451 2260 485 2293 V
511 2261 568 2294 Icl.
597 2260 704 2295 Febr.
731 2261 828 2296 datis
854 2282 898 2286 —-
925 2262 1020 2305 quod
1044 2262 1155 2295 inane
1179 2266 1276 2304 esset,
1301 2262 1443 2297 etiamsi

94 2317 217 2341 verum
242 2311 328 2341 esset
352 2328 397 2332 *-
422 2318 497 2341 non
521 2319 643 2342 verum
668 2320 748 2343 esse.
776 2330 821 2334 —
846 2309 908 2343 Acl
928 2308 1034 2342 Fam.
1058 2308 1168 2351 XIV,
1183 2311 1207 2343 8
1234 2309 1442 2352 (Terentiae

95 2365 127 2387 a.
149 2354 183 2387 d.
214 2353 278 2387 IV
299 2354 396 2388 Non.
423 2355 506 2389 Iun.
506 2357 538 2398 ).
591 2355 695 2400 Quod
720 2357 877 2390 celeriter
902 2367 954 2390 ¹me
979 2356 1097 2398 fecisti
1121 2356 1164 2390 (Ie
1191 2356 1356 2392 Caesaris
1382 2357 1441 2392 lit-

95 2401 182 2436 teris
207 2401 401 2444 certiorem,
425 2402 543 2444 fccisti
567 2403 656 2437 mihi
680 2408 833 2448 qratum.
