1669 2574
245 114 327 154 144
532 114 567 148 C.
593 113 706 147 IULH
733 112 959 147 CAESARIS
985 112 1294 149 FRAGMENTA.

239 219 313 243 77077
348 213 449 250 sinit,
486 212 526 242 ut
556 218 670 250 supra
700 207 870 242 diximus.
921 207 1071 242 Plinius
1101 208 1286 243 Secundus
1318 210 1474 253 animal,
1504 221 1580 246 non

240 257 397 290 animale
428 255 481 289 ait
511 254 586 288 dici
614 254 745 288 debere.
798 254 834 288 Ο.
863 253 1008 297 Caesar,
1039 256 1145 299 quasi
1174 256 1408 291 indiscretum
1430 258 1495 292 1706
1519 259 1581 301 377,

241 304 293 337 ait
326 303 337 336 1
369 303 487 337 17776777
518 301 742 336 nominativo
766 301 949 347 sinyulari
972 306 1103 336 neutra
1127 303 1234 345 finita
1258 304 1408 338 nomina
1432 306 1580 340 eandem

239 351 263 395 [
262 351 304 383 (16
302 349 526 394 fflnitionem
564 359 688 392 capere
722 359 830 392 quam
863 349 1013 393 capiunt
1043 360 1061 384 e
1092 349 1212 385 littera
1248 351 1460 394 terminata,
1496 352 1582 387 huic

241 396 395 431 animali
419 400 451 430 et
475 396 520 429 ab
545 396 609 429 hoc
633 395 800 438 animali,
823 396 908 431 huic
927 397 1069 440 puteali
1093 401 1125 431 et
1150 398 1195 431 ab
1219 398 1284 432 hoc
1303 399 1455 442 puteali.

336 454 474 489 Charis.
500 454 528 487 I
548 465 587 498 p.
614 456 770 496 133,18
796 454 844 488 K.
888 455 1032 489 Iubar-e.
1084 455 1232 490 Plinius
1263 457 1317 491 ait
1347 457 1441 492 777767·
1468 462 1583 493 cetera

241 503 348 536 67777777
372 502 471 536 7377771
492 501 529 535 C.
552 501 738 536 Caesarem
757 502 894 536 dedisse
908 513 956 546 pi
958 506 1149 546 acceptum
1171 504 1266 548 quod
1283 508 1414 539 neutra
1432 505 1583 539 nomina

241 560 284 583 ar
320 549 544 583 nominativo
581 549 707 583 clausa
738 560 805 593 per
835 549 849 582 7
879 549 1043 583 dativum
1077 550 1342 595 ablativumque
1378 552 1583 597 sinyulares

241 596 449 638 ostendant;
480 596 588 630 77717077
618 601 737 631 tamen
768 596 814 630 ab
844 596 912 630 17776
941 596 1066 641 76977177
1091 597 1272 632 7173377167.6
1321 610 1408 632 7777777
1432 603 1474 633 ut
1497 599 1584 633 huic

240 644 365 677 iubari
389 644 554 686 dicimus,
579 644 624 678 7717
648 643 712 678 1706
736 644 863 678 iubare
887 643 1079 678 dicendum
1103 649 1165 687 est,
1189 649 1230 680 ut
1253 645 1337 680 177776
1360 646 1458 688 farri
1482 650 1515 680 et
1537 646 1583 680 ab

241 691 304 725 17776
328 691 439 733 farre.

338 750 476 784 Charis.
503 750 530 783 I
552 761 589 793 p.
617 752 677 792 90,
703 751 726 783 7
751 749 800 783 K
852 749 969 784 Panis
1005 750 1205 795 yenetivum
1236 751 1416 795 pluralem
1450 752 1584 787 Caesar

242 798 284 831 716
315 797 488 842 07777109767
519 797 569 830 ΙΙ
596 797 754 840 panium
785 797 898 839 discit,
935 797 995 831 sed
1027 797 1176 832 Verrius
1202 809 1343 842 panum
1374 799 1451 833 37776
1481 800 1505 833 i
1538 819 1582 824 ——

244 844 382 879 Charis.
409 845 437 877 I
457 855 495 888 p.
523 846 604 886 141,
628 846 678 878 20
704 843 752 877 K.
804 844 967 878 Panium
994 844 1127 879 Caesar
1156 845 1199 879 616
1224 845 1397 891 analoyia
1422 846 1514 881 libro
1538 846 1590 880 ΙΙ

242 892 316 973 {ici
339 892 462 973 &legere
488 892 550 926 ait.
594 891 655 925 sed
687 891 755 925 Vei
757 902 835 926 77773
859 895 960 926 607777
962 902 995 925 a.
1032 903 1119 926 7777777
1144 892 1158 925 7
1183 892 1343 928 detracta
1364 904 1505 937 panum
1531 893 1586 928 ait

241 951 253 973 7
267 950 315 974 767
365 950 381 973 6
406 950 471 973 676.

338 998 477 1033 Charis.
503 997 530 1030 I
558 1008 595 1041 p.
623 999 709 1040 141,
734 999 781 1031 24
813 997 863 1031 K.
914 997 1079 1032 Partum.
1132 998 1264 1033 Caesar
1306 999 1348 1032 in
1384 999 1588 1044 analoyicis

241 1047 371 1080 1777777777
392 1049 551 1089 partum.

341 1104 429 1139 Gell.
455 1103 528 1146 IV,
554 1106 612 1145 16,
643 1106 676 1138 9.
727 1104 776 1137 177
813 1103 916 1138 libris
952 1104 1153 1148 7777771097673
1190 1105 1313 1138 omnia
1349 1105 1456 1139 istius
1488 1105 1588 1139 modi

245 1155 305 1195 (sc.
331 1151 509 1197 yenetivos
533 1155 565 1185 et
590 1151 730 1185 7177777703
754 1151 887 1195 singul.
911 1151 1099 1185 nominum
1130 1155 1280 1195 quartae
1316 1151 1586 1196 declinationis)

243 1200 320 1234 sine
346 1199 360 1232 i
386 1199 506 1234 littera
530 1198 685 1233 dicenda
709 1202 832 1233 censet.
873 1197 927 1241 Cf.
948 1198 1057 1239 Beck,
1084 1198 1120 1232 Ο.
1143 1199 1264 1233 Plinii
1281 1198 1439 1234 Secundi
1464 1199 1587 1234 libror.

245 1247 350 1281 dubii
375 1246 549 1281 sermonis
572 1245 747 1289 reliquiae
766 1256 805 1289 p.
830 1248 877 1279 17
904 1245 1022 1289 (Lips.
1049 1248 1175 1289 1894).

340 1293 492 1328 Marius
511 1293 642 1328 Victor.
663 1292 737 1327 Ars
765 1292 925 1327 Gramm.
951 1293 984 1335 Ι,
1003 1296 1035 1327 4.
1057 1299 1095 1337 p.
1117 1296 1153 1337 9,
1177 1296 1201 1328 2
1226 1294 1269 1328 671
1294 1293 1381 1328 Keil
1407 1293 1587 1336 (Gramm.

245 1341 329 1376 Lat.
353 1341 434 1384 VI).
487 1340 697 1375 Consultum
727 1340 844 1374 senati
874 1340 950 1383 ipse
975 1340 1162 1383 (Licinius
1189 1340 1336 1383 Calvus)
1363 1341 1524 1384 scripsit,
1549 1344 1589 1375 at

247 1388 283 1423 Ο.
313 1388 446 1423 Cacsar
472 1388 538 1430 (sic
563 1388 695 1422 emend.
722 1387 926 1429 Schlittius,
951 1388 1071 1422 codd„-
1102 1392 1134 1422 et
1165 1388 1214 1422 ad
1241 1388 1277 1422 C.
1307 1388 1508 1431 Caesarem)
1534 1398 1587 1422 36-

245 1440 354 1471 77777773
378 1435 590 1470 consultum.

343 1482 433 1517 Gell.
459 1482 534 1524 IX,
560 1484 617 1524 14,
641 1483 700 1516 25.
753 1481 790 1515 C.
818 1481 951 1516 Caesar
981 1482 1022 1515 in
1053 1482 1144 1516 libro
1169 1482 1212 1516 716
1237 1482 1410 1526 analoyia
1434 1481 1590 1516 secundo

246 1531 358 1565 huius
383 1530 441 1564 die
465 1534 497 1564 67
521 1530 629 1563 huius
654 1529 767 1572 specie
792 1529 982 1563 (licendum
1002 1533 1121 1572 putat.

340 1577 471 1611 Isidor.
502 1576 598 1621 Oriy.
627 1576 699 1619 XI,
724 1578 760 1618 2,
785 1578 842 1610 33.
895 1575 1068 1610 Mortuus
1098 1587 1141 1611 606
1172 1587 1244 1620 qua
1275 1580 1381 1619 parte
1412 1576 1591 1611 orationis

247 1625 455 1666 declinetur,
480 1624 655 1658 incertum
680 1628 739 1658 est.
782 1623 883 1657 Nam
907 1623 999 1657 sicut
1025 1623 1077 1658 ait
1105 1623 1248 1665 Caesar,
1274 1623 1319 1657 ab
1344 1634 1394 1665 eo,
1420 1624 1515 1667 quod
1540 1627 1591 1658 est

247 1672 392 1714 morior,
416 1672 458 1705 in
477 1671 676 1715 participio
696 1671 886 1714 praeteriti
911 1671 1078 1714 temporis
1102 1671 1143 1705 777
1169 1675 1226 1704 tus
1251 1671 1347 1704 676776
1370 1671 1502 1713 debuit,
1523 1681 1592 1714 per

247 1731 362 1754 unum
385 1719 519 1753 scilicet
542 1729 579 1760 u,
603 1729 679 1752 77077
699 1729 766 1761 per
790 1718 872 1752 duo.
915 1718 1015 1751 Nam
1039 1718 1103 1751 ubi
1127 1718 1310 1762 9677777777777
1334 1722 1383 1752 637
1409 1718 1528 1752 17776777
1553 1729 1592 1761 77,

247 1778 375 1801 770777677
400 1770 466 1808 637,
491 1776 566 1800 77077
586 1765 839 1809 participium,
863 1768 904 1799 ut
927 1766 1066 1807 fatuus,
1092 1765 1241 1799 arduus.
1275 1785 1318 1789 ——
1353 1764 1407 1807 Cf.
1433 1765 1589 1810 Auyust.

249 1814 375 1858 Reyul.
398 1825 436 1857 p.
459 1815 542 1855 520,
566 1814 617 1847 22
642 1813 693 1847 671.
716 1812 802 1846 Keil
828 1812 1006 1854 (Gramm.
1027 1812 1111 1847 Lat.
1134 1813 1192 1855 V),
1217 1812 1313 1846 7777716
1331 1812 1498 1846 Isidorus
1522 1822 1592 1846 sua

248 1861 508 1904 transscripsit,
533 1860 597 1894 ubi
623 1864 742 1894 tamen
768 1860 915 1904 legitur.-
939 1863 980 1894 ut
1001 1859 1122 1894 Cicero
1141 1860 1245 1894 dixit.
1274 1880 1317 1884 ——
1340 1859 1448 1894 Prob.
1468 1859 1590 1894 Instit.

248 1909 328 1943 Art.
352 1919 388 1951 p.
414 1909 497 1949 126,
523 1910 570 1941 16
596 1907 644 1940 K.
674 1906 717 1941 G.
744 1906 788 1940 L.
815 1907 896 1949 IV,·
922 1906 1037 1941 Prisc.
1065 1907 1116 1949 X,
1141 1909 1174 1941 9.
1208 1918 1246 1950 p.
1274 1908 1358 1948 502,
1383 1908 1405 1940 3
1430 1905 1480 1940 Η.

346 1954 436 1989 Gell.
464 1954 528 1996 VI,
554 1956 589 1995 9,
614 1957 671 1988 15.
719 1954 774 1987 M.
798 1954 942 1988 Tullius
967 1958 999 1988 et
1025 1954 1061 1987 C.
1085 1954 1218 1988 Caesar
1245 1954 1383 1988 mordeo
1409 1953 1592 1996 memordi,

248 2013 371 2047 punyo
392 2002 546 2046 pepuyi,
571 2001 727 2044 spondeo
751 2001 926 2044 spepondi
951 2001 1132 2035 717766777777.

346 2049 527 2084 Priscian
549 2048 712 2090 XVIII,
726 2052 768 2090 8,
783 2051 839 2082 75.
864 2059 901 2092 p.
916 2050 1003 2090 239,
1020 2051 1040 2082 7
1058 2048 1111 2082 671.
1125 2048 1249 2082 Hertz.
1290 2047 1423 2082 Caesar
1441 2058 1516 2081 77077
1535 2048 1592 2081 777·

250 2108 404 2142 607797776
424 2096 579 2140 protulit
603 2106 664 2130 6773·
689 2107 712 2129 77
737 2096 840 2129 767170
864 2107 944 2129 377777
969 2107 1020 2137 63,
1053 2096 1226 2138 quomodo
1258 2107 1282 2129 a
1314 2095 1417 2129 7767170
1443 2105 1591 2138 possum

245 2149 363 2189 potes:
382 2148 519 2188 potens.

349 2191 486 2226 Charis.
515 2201 552 2234 p.
580 2193 662 2232 110,
686 2192 735 2224 23
761 2189 810 2223 Κ.
861 2190 900 2223 Is
933 2190 1035 2223 1707770
1066 2190 1160 2223 idem
1190 2189 1422 2233 compositum
1452 2187 1592 2233 1776777ι
1641 2215 1644 2222 .

250 2240 325 2273 77737
362 2239 450 2282 quia
483 2238 615 2272 Caesar
647 2237 736 2271 libro
766 2238 816 2270 II
848 2237 1084 2281 singulariter
1115 2237 1225 2278 7716777,
1254 2236 1450 2280 pluraliter
1480 2236 1592 2270 isdem

251 2287 443 2321 71766777177777
473 2286 670 2328 confirmat
700 2285 760 2318 sed
791 2284 1008 2318 consuetudo
1032 2284 1096 2318 hoc
1120 2294 1195 2317 77077
1219 2288 1345 2318 serrat.
1397 2283 1440 2317 Se
1465 2287 1497 2317 et
1521 2292 1592 2317 3636

246 2334 467 2378 pronomina
497 2333 551 2367 ita
582 2332 791 2376 clistinyuit,
822 2336 862 2366 ut
886 2343 921 2365 se
946 2331 1127 2372 dicamus,
1152 2342 1230 2365 677777
1258 2332 1414 2375 aliquem
1438 2330 1526 2374 quid
1551 2329 1593 2363 777

253 2382 366 2416 alium
397 2381 521 2423 fecisse
553 2379 787 2421 ostendimus,
818 2383 858 2414 ut
886 2383 979 2422 puta
1012 2378 1072 2413 ille
1102 2358 1190 2413 dicit
1220 2379 1343 2413 361706
1367 2377 1425 2411 illi
1448 2377 1593 2419 fecisse,-
