1638 2600
515 109 614 146 CAP.
640 110 891 146 LVIH—LXI.
1228 145 1234 153 ,
1318 109 1372 150 83

42 206 92 250 111
129 221 204 248 suo
244 209 383 247 autem
427 206 573 248 dextro
612 221 742 248 cornu
780 221 831 247 ex
873 205 1054 247 secunda
1095 205 1182 247 acie
1219 207 1376 246 vetera·
1403 216 1422 245 ι)

42 285 189 314 narum
220 270 436 325 legionum
468 273 631 324 partem
658 270 897 312 cohortium
924 270 1226 323 conlocaverat‚
1262 283 1376 323 prae-

42 339 155 378 terea
198 349 249 376 ex
292 335 479 375 tironum
526 335 732 376 adiecerat
777 347 943 387 paucas.
1005 333 1192 375 Tertiam
1236 336 1376 374 autem
1402 344 1422 373 3

43 400 173 442 aciem
214 399 257 440 in
299 399 518 439 sinistrum
562 413 684 440 suum
723 411 852 439 cornu
892 397 1129 438 contulerat
1166 400 1208 439 et
1244 411 1377 451 usque

43 464 96 506 ad
126 463 230 505 aciei
256 477 354 504 suae
385 463 566 504 mediam
597 463 807 517 legionem
839 466 1087 516 porrexerat
1118 465 1160 503 et
1191 463 1252 504 ita
1283 477 1376 504 con-

43 529 265 581 locaverat,
298 527 361 567 uti
395 528 615 568 sinistrum
647 541 770 568 suum
803 540 932 567 cornu
964 529 1076 567 esset
1106 526 1273 581 triplex.
1328 525 1377 568 Id
1402 536 1423 566 4

45 607 94 636 eo
120 592 296 634 consilio
322 591 491 646 fecerat,
524 591 636 647 quod
661 605 783 632 suum
810 591 1005 632 dextrum
1035 590 1148 632 latus
1180 592 1377 632 munitio-

43 657 170 702 nibus
196 656 490 710 adiuvabatur‚
521 656 740 697 sinistrum
773 658 928 711 autem,
945 655 1157 709 equitatus
1188 655 1377 697 hostium

43 721 308 766 multitudini
346 721 410 761 uti
448 721 643 762 resistere
674 722 835 774 posset,
873 719 1111 773 laborabat,
1149 720 1377 774 eodemque

43 801 167 830 suum
198 800 366 827 omnem
398 785 634 839 equitatum
664 783 899 825 contulerat
930 786 982 837 et⁷
1015 783 1128 837 quod
1159 784 1196 824 ei
1227 798 1377 838 parum

45 850 297 904 confidebat,
337 850 546 904 praesidio
586 849 653 890 his
695 848 908 903 equitibus
945 847 1156 902 legionem
1194 859 1225 888 V
1261 863 1377 902 prae-

44 916 216 958 miserat
245 914 463 968 levemque
495 916 750 954 armaturam
782 913 892 954 inter
917 912 1080 966 equites
1111 912 1377 966 interposue—

43 983 120 1022 rat.
183 977 436 1033 Sagittarios
466 978 581 1018 varie
612 978 853 1031 passimque
884 976 988 1018 locis
1022 977 1146 1018 certis
1178 977 1377 1018 maxime·
1404 987 1422 1017 5

46 1059 125 1100 que
157 1044 200 1085 in
232 1042 430 1083 cornibus
462 1042 763 1083 conlocaverat.

130 1106 240 1149 LXI.
285 1105 354 1148 Sic
384 1109 661 1160 utrorumque
693 1106 901 1148 exercitus
936 1106 1134 1147 instructi
1165 1120 1250 1147 non
1280 1105 1376 1160 plus
1404 1117 1420 1146 1

44 1187 245 1229 passuum
277 1181 360 1212 000
398 1171 620 1212 interiecto
652 1171 807 1225 spatio,
845 1171 958 1225 quod
994 1170 1174 1211 forsitan
1207 1173 1302 1211 ante
1334 1170 1377 1210 id

43 1241 210 1292 tempus
243 1235 441 1277 acciderit
472 1250 716 1289 numquam,
747 1235 849 1289 quin
881 1235 1168 1289 dimicaretur,
1200 1249 1225 1275 a
1255 1249 1376 1275 mane

45 1317 177 1357 usque
209 1301 260 1341 ad
295 1300 444 1341 horam
481 1311 513 1340 x
551 1299 633 1340 diei
669 1300 956 1353 perstiterunt.
1018 1298 1193 1353 Iamque
1226 1298 1377 1340 Caesar
1403 1311 1422 1339 2

47 1383 140 1411 cum
184 1365 414 1408 exercitum
457 1364 570 1405 intra
611 1363 867 1405 munitiones
911 1377 1009 1404 suas
1052 1363 1248 1404 reducere
1289 1377 1377 1404 coe-

45 1433 188 1488 pisset,
220 1429 362 1471 subito
392 1429 613 1470 universus
646 1428 859 1483 equitatus
890 1427 1067 1469 ulterior
1093 1426 1376 1469 Numidarum

48 1495 404 1548 Gaetulorumque
435 1494 525 1534 sine
556 1493 686 1534 frenis
719 1493 769 1534 ab
803 1493 950 1534 dextra
979 1494 1100 1546 parte
1133 1506 1177 1533 se
1207 1506 1376 1533 movere

45 1561 301 1618 propiusque
341 1557 530 1599 Caesaris
574 1560 727 1612 castra,
772 1571 877 1612 quae
921 1559 1041 1598 erant
1083 1556 1128 1597 in
1165 1556 1290 1611 colle,
1332 1571 1376 1597 se

47 1626 232 1669 conferre
263 1623 418 1677 coepit,
448 1622 637 1664 frenatus
670 1624 810 1663 autem
840 1621 1017 1662 Labieni
1048 1635 1176 1675 eques
1208 1621 1253 1662 in
1282 1619 1375 1662 loco

46 1704 286 1746 permanere
311 1688 583 1742 legionesque
603 1686 819 1728 distinere:
851 1701 946 1728 cum
972 1685 1114 1727 subito
1139 1700 1238 1740 pars
1262 1686 1374 1739 equi·
1402 1697 1421 1726 3

46 1758 158 1798 tatus
190 1752 380 1795 Caesaris
412 1766 507 1793 cum
543 1751 626 1793 levi
658 1754 871 1792 armatura
901 1753 1048 1792 contra
1080 1749 1282 1791 Gaetulos
1314 1749 1374 1790 in-

46 1819 162 1863 iussu
199 1833 246 1860 ac
283 1821 438 1859 temere
474 1816 644 1871 longius
683 1815 898 1870 progressi
928 1814 1209 1869 paludemque
1240 1816 1374 1855 trans-

48 1885 179 1941 gressi
214 1881 531 1924 multitudinem
567 1881 756 1922 hostium
792 1880 916 1935 pauci
947 1880 1155 1921 sustinere
1187 1893 1272 1920 non
1303 1893 1374 1933 po-

47 1951 217 1992 tuerunt
239 1947 407 2001 levique
439 1948 651 1987 armatura
677 1945 840 1987 deserta
863 1944 976 1999 pulsi
1002 1943 1375 1998 convulneratique

48 2027 128 2055 uno
161 2013 300 2068 equite
333 2011 500 2065 amisso,
530 2010 677 2051 multis
708 2010 827 2064 equis
858 2009 1030 2064 sauciis,
1060 2008 1167 2050 levis
1193 2010 1374 2049 armatu-

48 2092 115 2120 rae
151 2089 281 2119 XXVII
317 2076 465 2118 occisis
506 2075 558 2116 ad
594 2089 693 2116 suos
735 2074 992 2129 refugerunt.
1054 2072 1147 2123 Quo
1192 2072 1372 2113 secundo
1400 2084 1421 2113 4

48 2142 230 2197 equestri
272 2140 432 2196 proelio
475 2139 587 2182 facto
629 2138 770 2194 Scipio
812 2139 949 2180 laetus
993 2139 1036 2179 in
1076 2140 1213 2179 castra
1252 2139 1374 2177 nocte

49 2207 187 2261 copias
224 2205 402 2247 reduxit.
464 2204 586 2254 Quod
621 2204 840 2258 proprium
879 2203 1079 2258 gaudium
1116 2201 1373 2242 bellantibus
1401 2212 1420 2242 5

47 2269 233 2313 Fortuna
274 2271 459 2312 tribuere
501 2284 586 2311 non
629 2269 829 2311 decrevit:
872 2281 1054 2322 namque
1096 2268 1267 2320 postero
1308 2265 1374 2306 die

50 2333 198 2378 Caesar
229 2350 323 2377 cum
359 2337 523 2389 partem
555 2334 768 2388 equitatus
807 2333 872 2374 sui
908 2330 1195 2373 frumentandi
1239 2330 1376 2385 gratia

1115 2400 1163 2434 6³1<
