1638 2600
555 98 653 134 CAP.
681 98 993 134 XXV—XXVIII.
1366 102 1448 143 123

186 229 192 235 .
233 195 373 236 animo
414 194 549 236 habeo
594 195 646 236 ad
690 209 765 236 vos
809 195 989 237 mittere.
1064 195 1263 238 Profectu
1302 202 1449 240 nostro

104 262 341 301 commeatu
385 259 540 314 privati
585 260 822 301 necessario
867 261 918 301 ad
957 261 1243 303 dimicandum
1282 263 1449 305 descen-

106 324 239 366 dent.'

190 387 368 431 XXVII.
431 388 677 444 Insequenti
715 392 905 444 tempore
945 405 1039 431 cum
1079 392 1213 433 nostri
1246 392 1289 433 in
1322 407 1446 447 opere
1478 405 1491 434 1

103 454 276 496 distenti
303 457 455 508 essent,
481 455 646 508 equites
672 455 715 495 in
742 454 911 509 oliveto,
938 455 1038 496 dum
1064 455 1294 511 lignantur,
1321 458 1446 500 inter·

101 520 201 560 fecti
246 521 346 560 sunt
390 519 563 573 aliquot.
628 518 747 560 Servi
785 519 1125 575 transfugerunt,
1170 522 1242 575 qui
1281 523 1445 564 nuntia·
1474 535 1492 564 2

101 587 271 639 verunt,
315 599 349 624 a.
389 584 425 625 d.
463 596 513 625 111
551 583 661 626 Non.
694 583 816 625 Mart.
854 585 1062 638 proelium
1102 586 1154 626 ad
1192 585 1446 628 Soricariam

101 649 215 704 quod
245 649 406 690 factum
439 652 515 703 est,
547 664 598 690 ex
631 664 678 690 eo
711 651 900 702 tempore
926 652 1087 690 metum
1116 664 1206 691 esse
1232 664 1447 706 magnum,

100 717 142 756 et
179 713 349 756 Attium
382 713 544 755 Varum
583 714 740 755 circum
781 713 966 755 castellis
1004 728 1207 768 praeesse.
1276 715 1340 757 Eo
1381 716 1446 758 die
1473 730 1492 759 3

99 778 329 834 Pompeius
361 782 499 820 castra
531 779 666 820 movit
697 782 739 820 et
777 781 924 820 contra
955 779 985 833 †
1018 777 1179 832 Spalim
1213 780 1256 820 in
1289 780 1445 822 oliveto

99 844 335 885 constituit.
382 843 534 885 Caesar
558 844 808 898 priusquam
834 844 981 885 eodem
1009 846 1073 885 est
1092 844 1321 899 profectus,
1347 845 1448 887 luna

100 908 205 950 hora
237 910 405 951 circiter
437 912 556 950 sexta
588 909 678 950 visa
710 912 784 950 est.
834 908 901 950 Ita
926 909 1077 950 castris
1103 910 1232 951 motis
1259 909 1444 953 Ucubim
1471 922 1491 952 4

96 973 327 1028 Pompeius
358 975 636 1028 praesidium,
668 974 781 1028 quod
818 974 1008 1028 reliquit,
1053 974 1179 1016 iussit
1210 976 1445 1031 incendere,

97 1042 145 1080 ut
177 1039 326 1080 deusto
360 1039 515 1093 oppido
550 1040 593 1080 in
626 1042 764 1080 castra
795 1039 957 1080 maiora
994 1053 1038 1080 se
1069 1039 1315 1094 reciperent.
1377 1041 1444 1082 In—
1472 1052 1491 1081 5

98 1104 294 1158 sequenti
320 1106 510 1158 tempore
524 1103 809 1158 Ventiponem
843 1104 1046 1158 oppidum
1076 1119 1171 1145 cum
1199 1120 1444 1162 oppugnare

96 1169 316 1223 coepisset,
349 1168 561 1210 deditione
587 1169 700 1210 facta
725 1169 806 1210 iter
829 1169 931 1210 fecit
956 1169 1000 1210 in
1028 1168 1266 1225 Carrucam,
1296 1175 1443 1213 contra

94 1233 348 1287 Pompeium
386 1236 524 1274 castra
566 1234 721 1288 posuit.
789 1233 1018 1288 Pompeius
1063 1235 1284 1290 oppidum,
1329 1237 1442 1291 quod
1470 1249 1489 1277 ὓ

94 1301 242 1339 contra
273 1312 350 1339 sua
380 1298 590 1352 praesidia
621 1300 766 1352 portas
800 1298 1033 1350 clausisset,
1066 1299 1269 1355 incendit,
1303 1301 1441 1343 miles-

95 1378 193 1418 que,
238 1364 310 1418 qui
353 1363 528 1404 fratrem
573 1378 697 1404 suum
741 1364 785 1404 in
826 1364 975 1405 castris
1013 1364 1266 1419 iugulasset,
1315 1367 1441 1408 inter-

94 1431 240 1482 ceptus
267 1431 331 1470 est
356 1444 379 1470 a
404 1429 562 1470 nostris
590 1431 631 1470 et
656 1428 843 1470 fustibus
870 1443 1105 1482 percussus.
1150 1428 1262 1471 Hinc
1289 1430 1441 1473 itinere

92 1493 204 1535 facto
231 1494 275 1535 in
302 1508 496 1548 campum
521 1493 801 1535 Mundensem
828 1508 923 1535 cum
950 1497 1062 1535 esset
1088 1497 1275 1550 ventum,
1302 1500 1441 1538 castra

95 1562 242 1600 contra
271 1559 521 1614 Pompeium
555 1559 789 1600 constituit.

181 1623 380 1665 XXVIII.
433 1623 637 1679 Sequenti
669 1624 734 1666 die
767 1638 862 1665 oum
895 1624 976 1666 iter
1000 1625 1137 1667 facere
1165 1624 1318 1667 Caesar
1344 1641 1439 1667 cum
1469 1639 1484 1668 1

94 1689 226 1744 copiis
258 1689 404 1744 vellet,
441 1689 732 1731 renuntiatum
765 1691 830 1731 est
862 1689 912 1730 ab
946 1689 1284 1743 speculatoribus
1316 1690 1439 1732 Pom-

93 1754 234 1808 peium
274 1755 323 1796 de
362 1755 488 1796 tertia
524 1754 672 1809 vigilia
710 1755 753 1795 in
792 1754 879 1795 acie
918 1754 1098 1796 stetisse.
1161 1754 1254 1797 Hoc
1286 1756 1437 1797 nuntio
1466 1769 1484 1798 2

93 1819 234 1861 adlato
273 1819 477 1861 vexillum
515 1820 748 1874 proposuit.
810 1818 973 1861 Idcirco
1012 1820 1125 1861 enim
1166 1821 1310 1875 copias
1342 1821 1438 1862 edu-

92 1887 229 1940 xerat,
273 1885 387 1940 quod
426 1884 762 1926 Ursaonensium
806 1885 989 1939 civitati,
1032 1886 1104 1938 qui
1146 1886 1213 1927 sui
1256 1886 1439 1927 fuissent

92 1949 297 2005 fautores,
347 1953 470 1991 antea
518 1950 684 1992 litteras
732 1950 908 1991 miserat
958 1949 1180 1991 Caesarem
1230 1950 1343 1992 nolle
1393 1952 1437 1992 in

93 2015 326 2056 convallem
359 2015 620 2069 descendere,
653 2015 766 2069 quod
797 2015 1000 2056 maiorem
1032 2019 1194 2070 partem
1225 2017 1435 2057 exercitus

93 2079 273 2122 tironem
316 2079 503 2121 haberet.
564 2079 656 2120 Hae
699 2079 865 2122 litterae
902 2080 1174 2122 vehementer
1218 2081 1434 2122 confirma-
1462 2093 1481 2122 3

93 2143 196 2185 bant
238 2147 401 2186 mentes
445 2144 764 2199 oppidanorum.
826 2144 893 2186 Ita
934 2145 1014 2187 hac
1059 2146 1257 2200 opinione
1299 2146 1434 2188 fretus

94 2211 187 2249 tuto
232 2224 275 2251 se
317 2209 455 2251 facere
498 2224 622 2264 posse
667 2210 956 2251 existimabat:
1001 2211 1156 2251 etenim
1202 2213 1244 2251 et
1284 2213 1435 2252 natura

87 2272 176 2314 -loci
202 2273 503 2316 defendebatur
529 2277 570 2316 et
595 2275 730 2329 ipsius
757 2275 901 2330 oppidi
927 2276 1177 2330 munitione,
1197 2275 1270 2316 ubi
1296 2278 1434 2317 castra

92 2337 244 2379 habuit
279 2340 519 2381 constituta.
580 2339 777 2395 Namque
815 2344 863 2382 ut
901 2341 1095 2395 superius
1131 2340 1432 2383 demonstravi·
1458 2353 1479 2382 4

1174 2409 1220 2444 9*
