1669 2574
310 110 365 150 36
666 108 861 143 BELLUM
885 108 1286 143 ALEXANDRINUM.

264 216 283 245 5
310 205 496 258 exceptis
529 205 599 257 iis,
634 204 707 257 qui
739 218 782 244 se
813 204 991 257 pecunia
1021 204 1299 246 redemerunt.
1359 203 1471 246 Nam
1502 203 1641 258 palam

309 268 382 309 HS
416 280 477 308 LX
508 283 603 309 cum
635 267 863 322 Calpurnio
895 268 1123 321 paciscitur
1154 271 1196 309 et
1228 284 1323 310 cum
1356 267 1403 317 Q.
1431 267 1568 309 Sestio
1601 280 1639 310 L.

310 332 433 381 Quod
452 332 488 372 si
507 332 689 372 maxime
708 334 906 373 nocentes
928 334 1027 372 sunt
1045 332 1228 386 multati,
1248 335 1390 374 tamen
1409 332 1655 386 periculum.

309 397 419 437 vitae
453 396 655 450 dolorque
686 396 908 437 vulnerum
946 397 1145 450 pecuniae
1183 397 1385 438 remissus
1421 396 1640 437 crudelita-

310 463 396 501 tem
428 475 523 501 cum
556 461 732 501 avaritia
763 464 944 502 certasse
977 460 1254 515 significabat.

263 537 279 565 1
396 524 506 566 LVI.
550 523 729 579 Aliquot
753 528 850 579 post
876 525 1024 565 diebus
1049 524 1213 566 litteras
1240 540 1264 566 a
1290 524 1465 566 Caesare
1490 525 1653 566 missas

310 590 479 644 accipit,
527 589 680 643 quibus
726 590 943 644 cognoscit
990 588 1239 642 Pompeium
1277 589 1319 630 in
1358 589 1445 630 acie
1482 589 1641 630 victum

262 664 281 694 2
310 654 477 695 amissis
510 654 642 708 copiis
673 654 846 708 fugisse.
898 653 990 702 Qua
1020 668 1064 694 re
1096 653 1265 708 cognita
1295 653 1474 694 mixtam
1499 652 1641 694 dolore

308 719 569 773 voluptatem
596 719 804 772 capiebat:
837 718 1037 759 victoriae
1063 719 1238 759 nuntius
1269 717 1476 758 laetitiam
1507 717 1640 771 expri-

308 783 461 836 mebat,
494 783 731 824 confectum
763 783 922 824 bellum
954 782 1169 823 licentiam
1199 782 1453 834 superiorum
1483 783 1640 834 tempo-

308 862 401 888 rum
429 847 746 888 intercludebat.
805 847 874 889 Sic
900 849 990 888 erat
1016 846 1168 886 dubius
1195 847 1335 900 animi,
1366 849 1510 887 utrum
1535 845 1642 887 nihil

262 922 282 951 3
310 912 479 953 timeret
516 927 568 952 an
610 912 751 952 omnia
794 912 920 953 licere
964 910 1119 952 mallet.
1190 909 1356 952 Sanatis
1396 910 1641 952 vulneribus

309 977 483 1017 arcessit
521 991 683 1029 omnes,
728 976 800 1030 qui
844 976 925 1017 sibi
966 975 1164 1029 pecunias
1201 990 1403 1029 expensas
1446 975 1642 1031 tulerant,

308 1042 584 1093 acceptasque
611 1055 680 1081 eas
714 1040 831 1081 iubet
862 1040 1027 1093 referri,
1060 1039 1214 1093 quibus
1245 1054 1396 1093 parum
1420 1040 1642 1082 videbatur

261 1116 282 1145 4
308 1105 560 1158 imposuisse
581 1105 731 1158 oneris,
758 1104 1006 1158 ampliorem
1031 1104 1251 1158 pecuniam
1278 1104 1468 1158 imperat.
1511 1104 1640 1159 Equi-

308 1172 399 1209 tum
444 1171 584 1209 autem
621 1168 911 1209 Romanorum
956 1168 1156 1209 dilectum
1197 1168 1402 1223 instituit,
1447 1183 1552 1223 quos
1591 1184 1642 1210 ex

308 1233 504 1274 omnibus
537 1233 814 1274 conventibus
847 1233 1107 1287 coloniisque
1139 1233 1401 1287 conscriptos
1438 1236 1640 1275 transma—

307 1298 401 1338 rina
437 1297 592 1338 militia
634 1298 881 1351 perterritos
923 1298 975 1339 ad
1018 1298 1269 1339 sacramenti
1309 1298 1640 1352 redemptionem

306 1362 495 1403 vocabat.
557 1361 761 1416 Magnum
792 1362 872 1403 hoc
898 1362 979 1403 fuit
1004 1361 1197 1415 vectigal,
1228 1361 1364 1402 maius
1390 1364 1530 1402 tamen
1556 1376 1639 1403 cre-

262 1438 281 1468 5
309 1427 407 1467 abat
450 1426 603 1467 odium.
671 1426 751 1467 His
802 1427 927 1467 rebus
974 1425 1178 1467 confectis
1227 1428 1365 1466 totum
1409 1426 1639 1468 exercitum

306 1491 477 1545 lustrat,
520 1490 727 1545 legiones,
767 1505 870 1544 quas
908 1490 951 1530 in
988 1488 1177 1531 Africam
1215 1490 1416 1531 ducturus
1454 1494 1560 1545 erat,
1598 1493 1640 1532 et

261 1567 281 1597 6
308 1554 466 1596 auxilia
496 1555 632 1595 mittit
663 1554 715 1595 ad
745 1554 980 1596 traiectum.
1049 1553 1145 1608 Ipse
1183 1554 1376 1608 classem,
1413 1568 1539 1608 quam
1569 1570 1638 1610 pa·

307 1620 439 1673 rabat,
471 1622 519 1660 ut
550 1620 792 1673 inspiceret,
829 1618 1042 1672 Hispalim
1075 1618 1234 1660 accedit
1264 1618 1407 1673 ibique
1438 1622 1639 1674 moratur,

306 1687 531 1738 propterea
574 1684 687 1738 quod
730 1684 913 1724 edictum
957 1686 1048 1725 tota
1091 1683 1308 1737 provincia
1350 1687 1639 1739 proposuerat,

307 1750 355 1788 ut
393 1749 547 1802 quibus
585 1749 784 1802 pecunias
816 1749 1065 1803 imperasset
1095 1756 1230 1802 n‘eque
1262 1748 1556 1802 contulissent,
1594 1763 1638 1790 se

308 1812 483 1853 adirent.
535 1812 649 1861 Quae
682 1813 870 1854 evocatio
902 1812 1173 1854 vehementer
1203 1827 1348 1854 omnes
1379 1812 1578 1854 turbavit.

262 1889 279 1918 1
394 1876 525 1917 LVII.
570 1876 746 1918 Interim
776 1877 821 1918 L.
855 1877 1005 1931 Titius,
1037 1877 1110 1931 qui
1141 1891 1189 1917 eo
1220 1879 1410 1931 tempore
1441 1878 1636 1919 tribunus

307 1941 491 1982 militum
536 1941 579 1981 in
619 1941 785 1995 legione
822 1941 1046 1983 vernacula
1082 1941 1236 1995 fuerat,
1279 1942 1448 1982 nuntiat
1485 1957 1575 1984 eam
1614 1957 1641 1983 a

306 2005 472 2061 legione
504 2017 617 2059 XXX,
656 2020 781 2059 quam
814 2005 860 2054 Q.
894 2005 1063 2047 Cassius
1094 2005 1259 2060 legatus
1290 2006 1417 2047 simul
1449 2007 1637 2061 ducebat,

307 2085 401 2111 cum
428 2070 479 2111 ad
505 2070 706 2123 oppidum
738 2069 890 2123 Ilipam
917 2073 1054 2111 castra
1077 2069 1262 2124 haberet,
1295 2070 1499 2112 seditione
1525 2072 1636 2113 facta

307 2134 623 2175 centurionibus
662 2134 824 2188 aliquot
861 2134 1027 2187 occisis,
1068 2134 1140 2188 qui
1173 2135 1294 2188 signa
1324 2135 1418 2175 tolli
1450 2150 1534 2177 non
1565 2152 1633 2190 pa-

306 2199 537 2252 tiebantur,
581 2198 821 2239 discessisse
862 2202 903 2239 et
941 2199 992 2239 ad
1030 2199 1255 2240 secundam
1292 2199 1502 2254 legionem
1541 2216 1633 2243 con-

260 2274 278 2303 2
307 2263 507 2316 tendisse,
546 2277 651 2317 quae
684 2263 734 2304 ad
765 2263 920 2304 fretum
953 2263 1034 2304 alio
1074 2263 1223 2304 itinere
1256 2264 1496 2306 ducebatur.
1560 2265 1632 2307 Oo-

306 2327 424 2381 gnita
460 2342 504 2368 re
544 2330 671 2368 noctu
708 2342 802 2368 cum
833 2338 863 2368 V
895 2327 1139 2369 cohortibus
1180 2329 1655 2371 unetvicesimanorum=
