1669 2574
178 213 194 242 1

226 106 309 146 104
358 105 551 139 BELLUM
575 104 799 139 AFRICUM.
848 104 948 141 CAP.
968 105 1510 143 LXXXXVII-LXXXXVHL

310 199 605 242 LXXXXVH.
663 199 815 241 Caesar
845 200 1015 241 interim
1040 201 1190 244 Zamae
1224 204 1415 245 auctione
1441 204 1558 258 regia

222 265 334 306 facta
382 264 588 317 bonisque
638 278 783 305 eorum
832 264 1034 319 venditis,
1089 267 1161 321 qui
1217 269 1327 309 cives
1375 267 1557 308 Romani

224 331 370 370 contra
399 327 604 382 populum
632 327 872 369 Romanum
904 343 1020 369 arma
1050 330 1245 386 tulerant,
1276 332 1558 386 praemiisque

222 393 508 447 Zamensibus,
535 392 607 446 qui
633 393 683 434 de
707 406 806 447 rege
827 392 1086 435 excludendo
1108 396 1330 438 consilium
1351 399 1558 450 ceperant,

221 457 394 498 tributis
431 456 794 511 vectigalibusque
831 456 960 510 regiis
999 457 1205 513 inrogatis
1249 475 1300 501 ex
1343 474 1557 515 regnoque

221 522 439 576 provincia
468 522 580 562 facta
611 524 736 576 atque
762 521 821 562 ibi
849 519 890 561 C.
917 519 1119 562 Sallustio
1150 537 1226 576 pro
1259 524 1429 565 consule
1462 538 1557 565 cum

222 585 399 639 imperio
430 585 577 626 relicto
609 585 699 639 ipse
731 585 859 625 Zama
891 598 1085 640 egressus
1113 585 1283 629 Uticam
1315 603 1358 630 se
1389 589 1556 643 recepit.

221 649 287 690 Ibi
329 650 452 691 bonis
494 650 676 691 venditis
721 664 883 703 eorum,
928 651 1000 704 qui
1044 651 1122 692 sub
1166 650 1271 693 Iuba
1306 652 1557 707 Petreioque

223 715 391 756 ordines
418 714 635 769 duxerant,
667 714 939 768 Thapsitanis
965 713 1038 756 HS
1064 727 1140 769 XX,
1166 717 1389 757 conventui
1413 732 1557 759 eorum

220 778 294 820 HS
326 791 439 833 XXX,
483 780 668 833 itemque
712 778 1031 819 Hadrumetinis
1069 778 1142 821 HS
1179 791 1292 834 XXX,
1335 782 1558 823 conventui

221 857 365 884 eorum
391 842 464 884 HS
487 855 513 883 L
540 842 698 884 multae
724 843 892 884 nomine
920 843 1119 899 imponit3
1148 845 1341 886 civitates
1365 845 1557 901 bonaque

222 923 366 950 eorum
387 908 438 948 ab
466 908 581 948 omni
607 907 761 947 iniuria
785 908 1028 962 rapinisque
1056 908 1251 950 defendit.
1300 909 1558 965 Leptitanos,

222 987 402 1027 quorum
435 971 723 1026 superioribus
756 972 875 1013 annis
901 972 1012 1013 bona
1036 971 1142 1014 Iuba
1168 973 1410 1029 diripuerat,
1441 978 1483 1016 et
1507 976 1559 1016 ad

134 1080 149 1094 ⁶
221 1040 415 1078 senatum
460 1036 598 1090 questi
640 1051 716 1090 per
757 1035 920 1090 legatos
967 1040 1092 1091 atque
1136 1037 1307 1079 arbitris
1351 1053 1375 1079 a
1411 1042 1558 1081 senatu

221 1102 329 1142 datis
362 1115 438 1142 sua
467 1103 724 1155 receperant,
758 1112 854 1142 XXX
886 1102 1072 1142 centenis
1103 1102 1276 1143 milibus
1307 1103 1446 1157 pondo
1478 1104 1559 1145 olei

220 1166 264 1207 in
296 1180 427 1206 annos
459 1165 650 1219 singulos
681 1164 848 1219 multat,
879 1165 971 1207 ideo
1005 1168 1118 1221 quod
1148 1168 1272 1209 initio
1302 1183 1378 1222 per
1403 1169 1557 1210 dissen-

221 1232 382 1272 sionem
406 1230 647 1284 principum
667 1230 911 1271 societatem
932 1245 1027 1272 cum
1048 1230 1154 1273 Iuba
1179 1232 1361 1274 inierant
1380 1247 1558 1288 eumque

220 1297 360 1350 armis,
380 1295 602 1350 militibus,
620 1295 799 1349 pecunia
816 1295 1020 1336 iuverant.
1060 1296 1366 1351 Thysdritanos
1384 1301 1558 1352 propter

218 1360 505 1401 humilitatem
537 1359 721 1401 civitatis
754 1361 867 1400 certo
900 1374 1075 1401 numero
1107 1361 1310 1403 frumenti
1334 1362 1497 1403 multat.

307 1422 623 1466 LXXXXVHI.
684 1423 765 1465 His
795 1423 922 1464 rebus
955 1425 1086 1479 gestis
1117 1424 1263 1467 Idibus
1291 1424 1381 1467 Iun.
1407 1425 1557 1468 Uticae

220 1489 396 1531 classem
441 1489 683 1530 conscendit
727 1491 769 1530 et
810 1491 909 1542 post
953 1489 1063 1530 diem
1104 1490 1278 1531 tertium
1317 1489 1475 1531 Caralis
1513 1491 1557 1532 in

221 1553 458 1596 Sardiniam
500 1554 703 1608 pervenit.
772 1552 840 1594 Ibi
885 1551 1140 1608 Sulcitanos,
1185 1554 1297 1609 quod
1332 1554 1556 1596 Nasidium

219 1620 391 1674 eiusque
430 1619 605 1660 classem
643 1620 886 1672 receperant
924 1618 1140 1672 copiisque
1178 1619 1388 1673 iuverant,
1424 1617 1498 1660 HS
1531 1629 1556 1660 C

218 1684 372 1724 multat
403 1686 444 1724 et
474 1697 550 1737 pro
584 1683 770 1724 decumis
804 1684 971 1723 octavas
1003 1682 1184 1736 pendere
1216 1683 1334 1724 iubet
1363 1683 1556 1737 bonaque

217 1762 447 1801 paucorum
484 1747 629 1788 vendit
660 1749 703 1788 et
741 1749 837 1788 ante
875 1746 984 1788 diem
1019 1758 1066 1788 IV
1096 1746 1189 1788 Kal.
1223 1746 1396 1796 Quintil.
1428 1761 1555 1788 naves

219 1812 460 1853 conscendit
499 1815 540 1852 et
578 1827 602 1852 a
634 1810 851 1853 Caralibus
884 1810 1114 1852 secundum
1146 1813 1301 1852 terram
1331 1814 1554 1866 provectus

219 1876 599 1917 duodetricensimo
638 1876 721 1930 die,
760 1876 852 1917 ideo
886 1875 999 1930 quod
1031 1876 1356 1930 tempestatibus
1388 1876 1431 1916 in
1462 1890 1553 1929 por-

217 1941 332 1982 tibus
364 1940 651 1995 cohibebatur,
684 1940 735 1981 ad
766 1940 915 1982 urbem
947 1939 1127 1981 Romam
1159 1941 1284 1982 venit.

751 2142 1014 2156 -μ-
