1638 2600
416 114 477 148 111.
510 113 753 150 ANTIOATO
780 125 810 148 a.
832 126 866 149 u.
888 125 916 149 c.
943 113 1094 150 DCCIX.
1347 115 1430 157 145

89 220 168 245 cum
195 214 313 244 autem
338 210 379 243 in
404 219 439 244 se
464 210 603 253 ipsum,
627 213 713 244 tunc
737 208 900 243 dicamus
925 220 1007 252 sese,
1035 209 1129 244 velut
1154 209 1249 244 dixit
1273 220 1344 245 sese
1369 210 1433 244 hoc
1490 251 1495 255 ,

87 257 159 292 sibi
183 257 316 299 fecisse.
369 255 424 299 Cf.
451 256 592 292 Ritschl
619 255 746 300 Opusc.
772 256 844 298 IV,
870 258 951 291 313.

184 445 336 490 Quintil.
362 445 397 487 Ι,
424 447 458 487 7,
482 446 529 479 21
563 446 717 489 optimus
747 445 945 487 maoeimus,
975 448 1017 479 ut
1047 445 1201 479 mediam
1225 445 1240 479 i
1265 445 1432 488 litteram,

87 504 178 538 quae
208 493 382 527 veteribus
411 503 437 526 u
467 493 606 535 fuerat,
637 493 853 537 acciperent,
886 491 961 526 Gai
985 492 1147 536 primum
1180 492 1346 527 Caesaris
1375 493 1432 527 in-

86 540 279 584 scriptione
304 540 465 575 traditur
488 540 636 582 factum.
663 560 706 564 —
739 539 811 574 Vel.
838 538 954 584 Lonq.
977 551 1015 583 p.
1043 542 1103 581 67,
1119 541 1140 573 3
1168 539 1216 574 K.
1251 539 1432 583 (Gramm.

87 587 171 622 Lat.
193 587 297 630 VII).
342 586 451 621 Varie
475 587 717 631 scriptitatum
746 591 795 622 est
820 587 1054 630 mancupium
1079 588 1278 631 aucupium
1303 598 1432 621 ⁴manu-

88 635 184 677 biae,
221 634 397 678 siquidem
430 634 467 668 C.
496 634 630 669 Caesar
661 645 728 678 per
758 634 772 667 i
802 634 958 678 scripsit,
988 638 1029 668 ut
1061 638 1212 677 apparet
1243 645 1286 668 ex
1316 634 1434 669 titulis

88 682 225 726 ipsius:
244 702 287 706 —
320 681 480 716 Cassiod.
507 681 551 716 de
578 680 813 727 Orthoyraph.
835 692 873 725 p.
895 683 979 723 150,
999 684 1045 715 10
1070 681 1112 715 ed
1139 681 1226 715 Keil
1252 681 1432 725 (Gramm.

88 729 172 764 Lat.
200 728 305 772 VII).
355 728 561 764 Lacrumae
592 740 643 763 an
668 728 855 770 lacrimae,
887 738 1079 762 maoeumus
1104 739 1154 762 an
1179 729 1377 772 mamimus,
1402 732 1435 763 et

88 777 194 820 siqua
232 776 370 810 similia
406 780 509 818 sunt,
545 786 614 820 quo
651 776 754 810 modo
790 776 900 811 scribi
936 775 1097 818 debeant,
1134 776 1336 819 quaesitum
1372 779 1432 810 est.

91 824 280 858 Terentius
310 823 428 858 Varro
458 823 613 858 tradidit
640 822 827 858 Caesarem
853 834 920 867 per
949 823 964 857 i
995 823 1072 858 eius
1096 823 1194 857 modi
1218 823 1325 857 verba
1349 823 1433 857 soli-

88 876 164 906 tum
195 882 266 905 esse
299 871 490 905 enuntiare
520 875 552 906 et
581 870 731 906 scribere
739 884 749 904 :
786 871 870 905 inde
889 874 1039 915 propter
1066 871 1315 905 auctoritatem
1340 870 1437 905 tanti

87 919 160 953 viri
185 918 477 953 consuetudinem
501 918 647 961 factam.
677 938 717 944 —
744 918 877 952 Isidor.
907 917 1004 963 Oria.
1031 918 1064 959 Ι,
1088 920 1150 960 26,
1176 920 1232 952 15.
1258 938 1305 942 -
1331 917 1434 951 Mar.

96 965 227 1000 Victor.
250 976 289 1009 p.
311 967 346 1007 9,
366 967 388 999 3
414 965 463 999 K.
498 965 676 1009 (Gramm.
704 965 787 1000 Lat.
818 965 884 1008 VI)
910 965 1004 1000 idem
1035 965 1076 1007 (i.
1097 976 1123 1000 e.
1153 964 1297 1007 Caesar,
1321 965 1434 1009 siqui-

90 1013 167 1048 dem
201 1017 288 1047 recte
320 1012 507 1047 Schlittius
537 1012 738 1047 emerulavit
768 1013 898 1058 fraym.
931 1023 990 1056 ap.
1024 1012 1124 1047 Mar.
1157 1012 1288 1047 Victor.
1320 1023 1436 1056 supra

85 1072 122 1104 p.
145 1062 231 1103 144)
258 1060 413 1104 optimus
437 1060 618 1094 mamimus
642 1060 802 1104 scripsit,
829 1070 905 1094 non
928 1064 970 1095 ut
993 1070 1059 1094 nos
1078 1070 1146 1104 per
1170 1071 1195 1094 u
1221 1060 1387 1095 litteram.

186 1165 324 1200 Charis.
350 1165 377 1199 I
392 1176 431 1209 p.
459 1167 540 1207 143,
566 1167 615 1200 32
640 1166 689 1200 K.
735 1165 894 1210 Siremps
918 1170 1060 1201 tantum
1081 1176 1148 1210 per
1171 1165 1437 1200 nominativum

90 1218 121 1249 et
158 1213 358 1248 ablativum
394 1212 616 1255 declinatur,
653 1214 820 1257 siremps,
857 1218 898 1248 ut
928 1214 1026 1248 tabes
1057 1217 1089 1248 et
1115 1213 1255 1257 pluris,
1293 1213 1339 1246 ab
1369 1213 1438 1247 hac

90 1261 258 1304 sirempse
278 1260 386 1304 plure
412 1260 491 1294 tabe
499 1273 511 1301 ;
538 1259 672 1294 Caesar
696 1271 790 1306 erqo,
816 1259 968 1304 siremps
988 1259 1047 1294 lex
1067 1262 1146 1294 esto
1166 1258 1274 1304 quasi
1294 1270 1438 1293 sacram

91 1306 285 1342 violaverit
309 1307 444 1341 dioeisse
465 1307 766 1351 pronuntiandus
785 1312 846 1350 est,
871 1308 945 1342 nisi
968 1308 1061 1350 forte
1080 1307 1229 1351 quidam
1249 1307 1436 1341 adverbia-

92 1356 172 1390 liter
198 1355 307 1400 leyere
331 1354 538 1397 maluerint,
562 1355 727 1389 similiter
752 1355 809 1389 lem
833 1359 914 1390 esto.
962 1354 1015 1397 Cf.
1042 1354 1184 1389 Ritschl
1211 1353 1338 1398 Opusc.
1365 1353 1438 1397 IV,

93 1406 137 1438 61
157 1413 206 1447 sq.
257 1401 426 1436 Huschke
450 1401 537 1436 ibid.
559 1413 597 1446 p.
619 1404 679 1436 80.
729 1401 853 1437 Hertz.
882 1402 1014 1437 Philol.
1041 1402 1116 1445 XI,
1142 1404 1226 1436 680.

329 1682 420 1724 III.
461 1681 778 1724 ANTIGATO
808 1696 846 1723 a.
871 1696 910 1723 u.
937 1695 966 1723 c.
992 1680 1194 1723 DCCIX.

191 1768 280 1803 Gell.
305 1769 378 1812 IV,
403 1772 462 1812 16,
488 1771 521 1803 8.
574 1768 610 1803 C.
640 1768 784 1810 Caesar,
808 1769 932 1813 yravis
957 1772 1082 1802 auctor
1107 1767 1254 1812 linquae
1280 1767 1442 1802 Latinae

88 1817 134 1850 in
159 1816 395 1859 Anticatone,
420 1814 546 1859 unius,
572 1817 704 1860 inquit,
730 1814 978 1860 arrogantiae,
1006 1813 1200 1859 superbiae
1227 1813 1440 1848 dominatu-

95 1873 166 1907 que
190 1863 400 1898 mandatus.
453 1863 507 1907 Cf.
534 1863 738 1905 Baehrens,
764 1863 873 1897 Arch.
900 1863 1089 1907 Leaeicoqr.
1115 1863 1173 1904 II,
1198 1864 1245 1895 47
1250 1865 1280 1896 7.

189 1911 371 1946 Priscian.
394 1911 459 1953 VI,
479 1913 528 1945 36
548 1922 586 1955 p.
607 1912 694 1953 227,
712 1912 737 1945 2
756 1910 806 1944 Η.
848 1910 982 1945 Caesar
1000 1910 1042 1944 in
1059 1910 1279 1944 Anticatone
1300 1909 1441 1953 priore:

96 1969 168 1992 uno
195 1957 293 1992 enim
319 1960 484 2003 excepto,
509 1968 619 2002 quem
644 1956 739 1992 alius
765 1957 866 1992 modi
892 1959 1005 2002 atque
1031 1955 1148 1991 omnis
1167 1958 1303 1990 natura
1322 1955 1441 1999 finxit,

100 2016 183 2040 suos
210 2005 366 2050 quisque
391 2005 508 2039 habet
532 2016 647 2039 caros
675 2025 718 2030 -
744 2005 836 2039 Item
861 2005 926 2048 VI,
951 2007 1002 2039 82
1022 2016 1060 2049 p.
1080 2007 1167 2046 266,
1192 2007 1249 2038 19.
1282 2004 1371 2046 VH,
1391 2006 1442 2039 20

91 2064 128 2097 p.
156 2055 240 2095 303,
265 2055 326 2088 23.
377 2053 503 2095 XIII,
523 2055 579 2087 12.
625 2053 701 2087 Vol.
728 2053 779 2086 II
793 2063 831 2096 p.
859 2055 896 2096 8,
920 2055 977 2087 13.

191 2101 289 2135 Plin.
317 2100 437 2144 Epist.
461 2101 542 2143 III,
567 2103 625 2142 12,
649 2102 683 2135 2.
729 2100 855 2134 Erunt
880 2100 1004 2143 officia
1029 2099 1259 2140 antelucana,
1284 2098 1325 2132 in
1350 2109 1442 2142 quae

97 2148 255 2183 incidere
279 2148 418 2192 inpune
442 2159 486 2182 ne
514 2147 645 2182 Catoni
670 2147 813 2192 quidem
839 2148 954 2190 licuit,
978 2158 1081 2191 quem
1105 2151 1225 2181 tamen
1248 2145 1284 2180 C.
1309 2145 1442 2180 Caesar

96 2196 150 2229 ita
186 2195 410 2239 reprehendit
446 2199 487 2230 ut
525 2195 655 2230 laudet.
712 2195 895 2230 Describit
931 2195 1026 2230 enim
1064 2204 1120 2228 eos
1151 2193 1281 2237 quibus
1318 2193 1442 2227 obvius

96 2242 218 2284 fuerat
242 2253 322 2277 cum
346 2246 455 2286 caput
474 2242 565 2277 ebrii
582 2242 800 2284 reteoeissent,
825 2243 1024 2277 erubuisse:
1049 2241 1177 2276 deinde
1196 2240 1310 2275 adicit
1333 2241 1444 2284 puta-

97 2299 155 2322 res
193 2300 267 2322 non
304 2289 351 2323 ab
388 2288 464 2323 illis
497 2289 692 2334 Catonem,
731 2289 796 2324 sed
833 2289 918 2323 illos
957 2300 979 2323 a
1011 2288 1149 2324 Catone
1181 2287 1440 2332 deprehensos.

99 2336 270 2371 Potuitne
296 2337 382 2380 plus
412 2337 640 2372 auctoritatis
671 2337 784 2372 tribui
811 2336 941 2372 Catoni
972 2348 1078 2381 quam
1104 2336 1137 2370 si
1160 2335 1280 2370 ebrius
1305 2345 1442 2380 quoque

98 2388 172 2417 tam
200 2383 411 2418 venerabilis
434 2383 537 2419 erat?
