1638 2600
518 167 612 203 vm.
658 166 934 202 EPISTULAE.
1317 163 1372 204 22
1379 165 1401 206 l

429 262 723 298 INCERTUM
748 260 850 306 QUO
874 260 1034 296 ANNO.

552 322 629 356 AD
656 320 910 356 PISONEM.

155 386 293 422 Charis.
314 387 341 421 I
355 398 393 431 p.
418 389 463 422 79
488 387 540 422 ccl.
562 386 610 421 K.
663 386 796 421 Caesar
820 385 868 420 ad
894 385 1081 419 Pisonem:
1111 383 1301 419 Locellum
1332 382 1406 418 tibi

62 433 251 479 signatum
278 433 414 469 remisi.

530 492 607 526 AD
635 492 672 527 Ο.
701 491 936 527 CALVUM.

155 557 250 592 Suet.
279 557 377 592 Caes.
406 559 463 592 73.
516 557 552 592 C.
581 556 690 591 Calvo
716 561 800 601 post
829 557 971 600 farrzosa
999 556 1261 602 epigrammata
1285 555 1327 590 de
1352 565 1405 589 re-

60 605 310 640 conciliatione
329 615 398 649 per
423 604 556 639 amicos
581 604 703 649 ayenti
727 604 824 639 ultro
847 615 889 639 ac
908 604 1015 648 prior
1039 604 1192 648 scripsit.

435 697 732 733 INCERTUM
752 698 829 732 AD
862 697 1027 742 QUEM.

154 758 249 793 Suet.
278 758 376 793 Caes.
408 760 468 793 26.
521 757 754 792 Gladiatores
786 761 907 800 notos,
940 757 1057 792 sicubi
1092 757 1235 799 infestis
1271 759 1406 800 specta-

59 806 197 842 toribus
215 806 446 848 dimicarent,
471 805 508 839 vi
532 805 727 848 rapiendos
751 804 1051 848 reseruandosque
1076 804 1296 846 mandabat,·
1320 803 1406 837 tiro-

62 864 121 888 nes
145 865 257 898 neque
281 854 323 887 in
343 853 427 887 ludo
446 863 558 896 neque
578 863 645 896 per
671 852 837 894 lanistas,
862 852 923 886 sed
941 852 983 886 in
1004 851 1169 886 domibus
1189 862 1256 895 per
1275 850 1408 894 equites

59 901 245 936 Romanos
276 905 382 944 atque
412 901 519 935 etiam
546 910 613 944 per
637 903 817 934 senatores
852 909 1035 934 armorum
1061 900 1197 943 peritos
1222 898 1409 932 erudiebat

55 948 223 993 precibus
254 949 407 990 enitens,
438 947 533 992 quod
564 946 727 991 epistulis
758 947 835 981 eius
866 947 1078 988 ostenditur,
1103 950 1144 980 ut
1174 945 1409 989 disciplinam

58 996 285 1041 sinqulorum
309 996 530 1040 susciperent
553 994 693 1038 ipsique
718 994 857 1029 dictata
881 994 1124 1029 exercentibus
1149 993 1288 1027 darent

530 1161 613 1204 IX.
651 1161 730 1203 ΙΝ
729 1160 940 1203 GERTA.

154 1244 320 1279 Diomed.
340 1244 369 1278 I
383 1254 421 1288 p.
443 1246 518 1278 368
543 1243 595 1278 ed.
617 1243 714 1278 Keil.
767 1242 889 1277 Cicero
920 1253 1115 1277 causarum
1145 1241 1280 1276 decimo
1304 1241 1409 1276 tertio

60 1302 121 1335 „re
146 1291 292 1327 vendita
322 1291 452 1326 iterum
477 1294 630 1335 empta.“
685 1290 787 1325 Unde
814 1290 1045 1333 manifestum
1068 1290 1110 1332 fit
1140 1289 1309 1331 „venita“
1333 1298 1409 1322 non

59 1339 145 1382 dici,
164 1339 225 1374 secl
244 1342 310 1374 aut
328 1338 594 1381 ‚,venumdata“
608 1342 673 1373 aiil
688 1342 729 1373 ut
745 1338 867 1372 Cicero
887 1338 1101 1380 „vendita“;
1124 1336 1242 1371 Gaius
1257 1336 1409 1370 Caesar:

59 1385 313 1422 Possessiones
324 1385 465 1420 redemi
477 1396 612 1429 easque
622 1387 754 1430 postea
765 1384 881 1430 pluris
893 1384 1074 1419 venditas.
1092 1384 1145 1427 Cf.
1155 1395 1269 1429 supra
1277 1395 1315 1428 p.
1326 1384 1407 1417 145.

338 1553 393 1595 Χ.
438 1552 670 1596 SPURIA
700 1553 786 1595 ET
813 1550 1137 1596 SUSPECTA.

156 1634 251 1669 Serv.
274 1634 323 1669 ad
348 1634 451 1680 Very.
471 1634 562 1669 Aen.
583 1635 617 1677 I,
635 1636 720 1669 267.
758 1634 880 1669 Occiso
901 1633 1082 1668 Mezentio
1096 1632 1298 1667 Ascanium
1318 1631 1412 1665 sicut

60 1683 92 1717 Ι
116 1681 249 1717 Caesar
279 1682 404 1717 scribit
434 1682 560 1716 Iulum
589 1686 750 1726 coeptum
781 1681 921 1723 vocari,
952 1681 1006 1714 iel
1037 1680 1143 1725 quasi
1175 1677 1340 1724 ἰοβόλον,
1372 1677 1412 1712 id

61 1734 111 1765 est
148 1729 350 1775 sayittandi
381 1730 558 1773 peritum,
594 1729 648 1763 iel
685 1740 708 1763 a
739 1729 865 1772 prima
906 1729 1037 1763 barbae
1075 1727 1265 1772 lanuyine,
1303 1736 1412 1770 quam

62 1777 188 1812 ἴουλον
216 1776 349 1811 Graeci
373 1777 517 1819 dicunt,
545 1788 635 1820 quae
660 1777 693 1810 ei
716 1780 870 1820 tempore
895 1776 1066 1810 iictoriae
1089 1774 1314 1809 nascebatur.

159 1823 256 1869 Oriy.
276 1827 368 1869 yent.
390 1824 493 1859 Rom.
515 1826 573 1866 15,
593 1826 625 1858 5.
652 1824 777 1869 Iyitur
795 1823 927 1858 Latini
946 1822 1148 1858 Ascanium
1173 1821 1215 1856 ob
1234 1821 1412 1865 insignem

60 1872 226 1907 virtutem
250 1882 327 1906 non
351 1872 466 1906 solum
484 1872 570 1906 Iove
595 1875 712 1906 ortum
738 1871 978 1913 crediderunt,
1003 1870 1065 1904 sed
1084 1869 1192 1904 etiam
1211 1879 1280 1912 per
1304 1867 1411 1902 dimi-

60 1919 257 1961 nutionem,
282 1919 461 1954 declinato
482 1919 680 1963 paululum
698 1918 853 1962 nomine,
874 1918 996 1962 primo
1014 1917 1144 1952 Iobum
1170 1913 1412 1960 (Iovulum.9),

61 1967 146 2001 dein
165 1970 293 2010 postea
317 1966 444 2000 Iulum
469 1966 677 2010 appellant;
708 1978 731 2000 a
756 1976 826 2010 quo
850 1966 954 2000 Iulia
983 1964 1133 2008 familia
1164 1963 1345 2007 manavit,
1370 1965 1412 1996 ut

61 2014 223 2049 scribunt
249 2013 382 2048 Caesar
407 2014 466 2048 lib.
488 2014 539 2047 II
558 2018 590 2048 et
617 2013 706 2048 Cato
731 2013 770 2047 in
800 2012 1023 2058 Oriyinibus.

156 2060 308 2096 Firmic.
331 2061 426 2097 Mat.
449 2061 604 2096 Mathes.
626 2061 751 2103 Praef.
779 2061 839 2094 lib.
860 2061 915 2095 II.
955 2059 1025 2095 Sed
1049 2070 1113 2094 nec
1138 2058 1274 2102 aliquis
1296 2067 1413 2101 paene

61 2107 283 2143 Latinorum
313 2109 356 2143 de
385 2109 453 2143 hac
484 2112 560 2143 arte
592 2108 833 2143 institutionis
864 2108 975 2142 libros
998 2107 1145 2151 scripsit
1175 2106 1250 2139 nisi
1272 2114 1413 2148 paucos

65 2166 184 2191 versus
208 2155 331 2190 Iulius
359 2155 493 2191 Caesar
518 2160 550 2190 et
574 2156 671 2200 ipsos
696 2159 816 2190 tamen
841 2155 883 2190 de
909 2155 1028 2190 alieno
1054 2164 1156 2198 opere
1182 2155 1373 2187 mutuatos.

157 2202 308 2237 Firmic.
330 2203 425 2238 Mat.
448 2203 604 2238 Mathes.
631 2203 743 2245 VIII,
764 2205 796 2238 5.
847 2202 1052 2237 Exsecutus
1077 2205 1127 2236 est
1152 2201 1258 2235 etiam
1283 2200 1411 2233 horum

61 2251 220 2286 siderum
238 2261 428 2285 numerum
449 2250 584 2285 Graece
602 2250 755 2292 Aratus,
775 2254 884 2294 poeta
902 2249 1171 2291 disertissimus,
1197 2247 1309 2282 latine
1330 2256 1412 2280 vero

65 2297 198 2333 Caesar
223 2301 255 2332 et
280 2297 386 2333 decus
412 2298 631 2342 eloquentiae
660 2298 813 2332 Tullius.

162 2344 323 2379 Gromat.
344 2345 471 2380 Latin.
493 2346 543 2380 ed.
565 2345 713 2380 Lachm.
734 2346 767 2388 I,
786 2347 871 2387 245,
885 2348 917 2379 1.
949 2346 1116 2386 246,16;
1134 2345 1193 2377 18.
1227 2344 1310 2383 395,
1331 2343 1387 2375 15.

161 2391 259 2437 Oriy.
286 2396 378 2437 yent.
406 2392 561 2427 Roman.
590 2396 625 2436 9,
645 2396 677 2427 6.
711 2396 770 2435 10,
789 2395 821 2426 4.
856 2395 919 2434 11,
940 2394 972 2426 3.
1006 2393 1070 2433 15,
1089 2393 1122 2425 4.
1154 2392 1214 2433 16,
1233 2392 1265 2423 4.
1297 2390 1357 2432 17,
1377 2390 1410 2422 3.

63 2441 125 2483 18,
145 2442 177 2475 5.
203 2441 264 2482 20,
284 2442 317 2475 3.
