1638 2600
616 112 717 147 CAP.
738 111 916 147 V—VIH.
1361 112 1410 151 11
1419 111 1440 151 l

100 210 251 251 stituit.
315 207 467 250 Caesar
505 210 587 264 [in]
625 209 935 251 munitionibus
967 209 1220 263 ceterisque,
1253 222 1359 262 quae
1392 207 1444 248 ad
1471 218 1490 248 2

101 273 429 329 oppuymmdum
450 288 556 329 opus
578 274 763 328 fuerunt,
781 274 976 327 perfectis
1000 287 1198 328 aggerem
1218 273 1445 327 vineasque

102 353 225 394 agere
269 339 467 380 instituit.
528 339 645 381 Haec
685 339 779 381 loca
816 342 916 380 sunt
951 341 1178 379 montuosa
1215 340 1258 379 et
1294 340 1446 379 natura
1472 348 1492 377 3

102 404 305 458 impedita
342 403 393 444 ad
432 418 519 445 rem
552 404 799 459 militarem3
839 418 945 458 quae
977 403 1154 457 planitie
1187 403 1448 456 dividuntur,

103 468 223 510 Salso
273 468 465 523 flumine,
515 470 706 523 proxime
751 472 893 510 tamen
938 467 1149 523 Ateguam
1197 470 1245 509 ut
1289 468 1446 509 flumen

100 535 172 589 sit3
222 534 389 575 circiter
438 549 589 588 passus
639 535 722 576 duo
769 533 889 575 milia
932 549 953 574 e
997 534 1169 588 regione
1213 532 1359 587 oppidi
1403 533 1446 573 in

102 599 320 640 montibus
354 602 493 641 castra
523 599 674 641 habuit
708 600 849 654 posita
880 598 1110 652 Pompeius
1142 598 1185 639 in
1217 600 1447 652 conspectu

100 666 378 718 utrorumque
412 665 678 719 oppidorum,
710 679 846 719 neque
878 664 967 705 suis
999 677 1127 704 ausus
1159 666 1225 704 est
1256 661 1447 704 subsidio

99 729 253 770 venire.
315 728 496 783 Aquilas
541 734 583 772 et
623 731 746 785 signa
789 729 941 770 habuit
977 739 1058 768 XIII
1096 727 1331 783 legionum3
1375 726 1447 768 sed
1473 738 1494 768 4

100 808 151 835 ex
189 794 344 848 quibus
384 793 545 849 aliquid
582 795 839 836 firmamenti
877 809 921 836 se
965 792 1238 835 existimabat
1280 792 1448 846 habere,

101 859 207 900 duae
244 859 419 900 fuerunt
456 860 724 915 vernaculae,
762 874 868 915 quae
907 874 931 901 a
962 858 1174 900 Trebonio
1211 857 1447 911 transfuge-

100 928 213 979 rant3
245 939 330 965 una
359 924 473 966 facta
505 940 557 966 ex
588 925 779 979 coloniis,
811 939 917 979 quae
949 924 1123 966 fuerunt
1151 923 1193 964 in
1220 922 1287 963 his
1313 922 1448 977 regio-

99 990 245 1044 nibus3
284 993 436 1044 quarta
472 990 557 1031 fuit
587 990 822 1031 Afraniana
859 1005 910 1031 ex
941 988 1105 1042 Africa,
1143 1002 1270 1042 quam
1306 1001 1448 1028 secum

105 1055 355 1109 adduxerat3
412 1055 565 1110 reliqui
623 1070 674 1097 ex
726 1055 922 1110 fugitivis
974 1052 1200 1096 auxiliares
1250 1052 1449 1094 consiste·
1477 1061 1496 1093 5

103 1120 222 1161 bant:
261 1134 358 1161 nam
393 1120 443 1162 de
474 1120 559 1162 levi
592 1124 809 1162 armatura
841 1123 883 1161 et
915 1121 1107 1175 equitatu
1138 1119 1265 1174 longe
1297 1121 1340 1160 et
1369 1118 1450 1159 vir-

101 1188 192 1227 tute
224 1188 268 1226 et
298 1199 475 1227 numero
508 1186 643 1227 nostri
677 1189 797 1227 erant
828 1186 1078 1240 superiores,

188 1249 306 1292 VIII.
368 1249 611 1292 Accedebat
648 1250 747 1304 hoc,
786 1254 835 1291 ut
871 1250 1042 1305 longius
1080 1249 1240 1291 bellum
1280 1249 1450 1290 duceret
1478 1259 1494 1288 1

100 1314 343 1369 Pompeius,
376 1315 490 1369 quod
521 1315 615 1356 loca
640 1318 742 1356 sunt
768 1315 882 1356 edita
907 1317 950 1356 et
976 1315 1027 1356 ad
1053 1318 1290 1356 castrorum
1315 1314 1450 1355 muni—

99 1380 237 1421 tiones
275 1394 360 1421 non
398 1394 549 1434 parum
582 1380 744 1421 idonea.
805 1379 919 1422 Nam
951 1380 1039 1421 fere
1070 1380 1203 1421 totius
1234 1378 1451 1420 ulterioris
1478 1388 1498 1419 ‘2

99 1444 331 1499 Hispaniae
370 1445 487 1499 regio
526 1448 701 1500 propter
732 1448 868 1487 terrae
905 1445 1209 1487 fecunditatem
1244 1478 1250 1485 .
1280 1478 1286 1484 .
1314 1479 1321 1484 .
1349 1478 1357 1485 .
1390 1444 1449 1485 in-

99 1525 223 1564 opem
255 1509 558 1564 difficilemque
584 1510 714 1552 habet
740 1510 1103 1566 oppugnationem
1130 1513 1172 1551 et
1196 1524 1282 1551 non
1308 1506 1450 1550 minus

100 1576 315 1630 copiosam
348 1575 631 1630 aquationem.
690 1575 774 1617 Hic
806 1576 934 1617 etiam
966 1578 1141 1630 propter
1171 1574 1449 1616 barbarorum
1477 1584 1497 1614 3

100 1640 269 1683 crebras
302 1641 573 1683 excursiones
607 1642 750 1683 omnia
780 1641 892 1695 loca,
924 1655 1031 1696 quae
1064 1643 1165 1681 sunt
1197 1640 1248 1681 ab
1282 1639 1451 1694 oppidis

101 1708 282 1761 remota,
319 1706 511 1747 turribus
549 1709 592 1748 et
629 1706 941 1748 munitionibus
974 1706 1227 1759 retinentur,
1266 1705 1376 1746 sicut
1408 1705 1452 1745 in

101 1770 264 1813 Africa:
296 1771 464 1825 rudere,
497 1786 581 1813 non
613 1772 770 1827 tegulis
803 1774 1025 1827 teguntur3
1063 1770 1275 1825 simulque
1307 1771 1350 1811 in
1382 1769 1451 1810 his

99 1836 260 1878 habent
298 1836 491 1891 speculas
530 1840 572 1879 et
608 1840 783 1892 propter
820 1837 1090 1878 altitudinem
1121 1836 1206 1877 late
1240 1835 1452 1890 longeque

100 1901 377 1956 prospiciunt.
428 1900 537 1944 Item
571 1902 825 1957 oppidorum
858 1916 1014 1957 magna
1041 1916 1140 1956 pars
1166 1901 1257 1942 eius
1282 1900 1451 1955 provin·
1477 1910 1498 1940 4

101 1967 188 2008 ciae
213 1967 432 2008 montibus
458 1967 546 2009 fere
572 1968 740 2009 munita
765 1971 808 2010 et
833 1971 987 2009 natura
1012 1966 1319 2008 excellentibus
1345 1965 1451 2007 locis

103 2035 167 2073 est
210 2032 460 2086 constituta,
511 2036 559 2074 ut
606 2033 734 2074 simul
785 2033 926 2074 aditus
970 2046 1253 2087 ascensusque
1296 2031 1453 2072 habeat

105 2096 307 2139 difficiles.
369 2096 437 2138 Ita
480 2098 532 2139 ab
578 2098 970 2153 oppugnationibus
1015 2101 1167 2139 natura
1209 2096 1293 2138 loci
1334 2096 1451 2137 disti—
1479 2105 1499 2136 5

105 2165 269 2216 nentur,
318 2166 367 2204 ut
414 2163 608 2205 civitates
651 2162 886 2218 Hispaniae
929 2178 1014 2205 non
1064 2162 1188 2204 facile
1232 2161 1283 2202 ab
1327 2161 1452 2202 hoste

107 2226 344 2282 capiantur,
382 2227 425 2268 id
463 2229 576 2283 quod
615 2229 658 2269 in
696 2229 777 2270 1100
809 2228 992 2283 contigit
1023 2227 1146 2269 bello.
1208 2225 1321 2268 Nam
1355 2240 1451 2267 cum
1479 2236 1499 2267 6

106 2290 216 2331 inter
252 2290 465 2346 Ateguam
510 2296 552 2334 et
588 2292 793 2348 Ucubim,
838 2308 944 2347 quae
989 2293 1146 2347 oppida
1186 2306 1316 2346 supra
1353 2294 1453 2332 sunt

108 2357 277 2411 scripta,
295 2356 524 2411 Pompeius
551 2358 702 2399 habuit
728 2361 867 2400 castra
892 2358 1127 2399 constituta
1153 2357 1196 2397 in
1223 2359 1451 2411 conspectu
