1669 2574
254 1372 272 1401 [Q

307 111 360 150 14
659 109 854 143 BELLUM
879 109 1279 145 ALEXANDRINUM.

301 205 441 247 locum
473 205 690 258 tenebant,
728 203 951 244 tormentis
983 218 1034 244 ex
1071 204 1249 246 navibus
1282 204 1533 259 sagittisque
1564 204 1629 245 de—

301 270 467 323 pulerat
486 272 612 322 atque
637 268 682 308 in
702 267 904 322 oppidum
929 267 1148 322 redegerat
1173 271 1215 310 et
1240 269 1478 310 cohortium
1500 267 1630 309 trium

302 334 435 374 instar
466 333 509 373 in
541 335 697 373 terram
728 334 980 386 exposuerat
1009 356 1068 361 ——
1097 346 1182 373 non
1217 333 1328 374 enim
1363 333 1504 387 plures
1536 346 1629 374 con-

302 398 450 438 sistere
489 396 709 451 angustiae
745 396 828 438 loci
864 396 1134 450 patiebantur
1157 413 1234 452 —3
1270 396 1456 451 reliquae
1487 396 1630 450 copiae

302 462 345 502 in
376 461 555 501 navibus
593 460 819 501 stationem
852 460 1110 501 obtinebant.
1172 460 1264 510 Quo
1301 460 1412 502 facto
1451 461 1631 514 imperat

301 527 473 579 pontem
500 525 699 566 adversus
729 524 896 566 hostem
927 524 1176 578 praevallari
1203 528 1257 579 et,
1289 539 1371 579 qua
1397 525 1536 566 exitus
1561 539 1629 565 na-

300 589 423 630 vibus
462 591 550 630 erat
587 589 747 630 fornice
786 591 1018 642 exstructo,
1062 603 1144 643 quo
1185 604 1292 644 pons
1330 589 1631 643 sustinebatur,

300 652 513 707 lapidibus
540 653 702 707 oppleri
733 656 859 708 atque
885 653 1058 694 obstrui.
1122 652 1309 703 Quorum
1341 653 1472 694 altero
1505 668 1630 707 opere

301 718 467 771 effecto,
504 720 553 758 ut
583 717 700 758 nulla
731 717 902 758 omnino
934 718 1090 772 scapha
1121 718 1263 772 egredi
1293 720 1456 772 posset,
1497 717 1629 759 altero

301 781 497 823 instituto
535 796 680 823 omnes
711 780 1096 823 Alexandrinorum
1127 782 1270 836 copiae
1302 797 1353 824 ex
1390 782 1544 836 oppido
1585 797 1630 824 se

301 846 513 887 eiecerunt
539 848 580 886 et
606 848 752 886 eontra
776 846 1033 887 munitiones
1062 846 1206 901 pontis
1236 846 1386 887 latiore
1416 846 1508 887 loeo
1535 860 1629 888 oon-

301 910 519 964 stiterunt,
564 909 793 964 eodemque
836 913 1025 964 tempore
1072 925 1178 965 quae
1222 913 1524 952 consueverant
1559 925 1629 950 na·
1668 949 1669 966 ἱ

299 974 414 1029 vigia
444 989 520 1028 per
550 976 701 1028 pontes
728 974 780 1014 ad
804 974 996 1016 incendia
1022 974 1307 1016 onerariarum
1339 974 1544 1028 emittere,
1578 974 1631 1014 ad

300 1038 456 1079 molem
494 1038 816 1079 constituerunt.
877 1038 1153 1093 Pugnabatur
1189 1053 1214 1080 a
1250 1038 1372 1079 nobis
1411 1053 1462 1079 ex
1500 1041 1629 1092 ponte

300 1106 337 1145 et
366 1118 418 1144 ex
448 1102 578 1158 mole,
609 1103 660 1143 ab
693 1102 779 1143 illis
811 1118 862 1144 ex
894 1118 1006 1157 area,
1038 1117 1144 1157 quae
1176 1105 1266 1144 erat
1299 1103 1497 1144 adversus
1528 1117 1629 1157 pon-

299 1170 398 1221 tem,
430 1170 472 1208 et
503 1182 555 1208 ex
584 1167 764 1208 navibus
797 1170 943 1209 eontra
972 1168 1137 1209 molem.

386 1231 478 1273 XX.
538 1230 589 1272 In
636 1231 704 1273 his
747 1232 873 1273 rebus
919 1235 1121 1287 occupato
1166 1230 1341 1273 Caesare
1388 1230 1629 1285 militesque

298 1296 495 1338 hortante
532 1295 741 1351 remigum
780 1310 960 1351 magnus
997 1310 1197 1338 numerus
1235 1299 1278 1338 et
1318 1295 1655 1337 classiariorum·

300 1376 351 1402 ex
387 1360 528 1416 longis
564 1360 742 1402 navibus
780 1361 936 1401 nostris
974 1361 1018 1402 in
1054 1360 1208 1402 molem
1249 1375 1293 1401 se
1332 1360 1464 1401 eiecit.
1524 1359 1630 1402 Pars

299 1440 444 1467 eorum
482 1425 622 1466 studio
660 1425 878 1479 spectandi
914 1425 1144 1478 ferebatur,
1181 1439 1278 1479 pars
1311 1424 1438 1465 etiam
1470 1425 1628 1478 eupidi-

298 1493 384 1531 tate
416 1489 645 1544 pugnandi.
705 1488 765 1530 Hi
795 1489 979 1543 primum
1004 1490 1174 1544 navigia
1197 1488 1386 1530 hostium
1416 1488 1628 1542 lapidibus

299 1569 346 1595 ae
371 1554 513 1595 fundis
540 1569 564 1594 a
587 1553 698 1595 mole
724 1553 984 1608 repellebant
1012 1569 1059 1595 ae
1084 1553 1266 1595 multum
1296 1553 1498 1607 proficere
1523 1553 1628 1594 mul-

298 1618 480 1659 titudine
505 1618 688 1659 telorum
712 1618 974 1659 videbantur.
1037 1617 1119 1659 Sed
1143 1620 1369 1672 postquam
1395 1617 1508 1658 ultra
1532 1632 1628 1659 eum

297 1682 436 1724 locum
469 1682 520 1723 ab
551 1681 681 1723 latere
714 1696 858 1723 eorum
892 1684 1035 1736 aperto
1068 1682 1160 1723 ausi
1191 1685 1290 1723 sunt
1315 1682 1457 1737 egredi
1483 1697 1534 1723 ex
1557 1697 1627 1723 na-

298 1747 421 1788 vibus
446 1746 726 1787 Alexandrini
756 1747 891 1801 pauci,
922 1749 971 1788 ut
1002 1747 1091 1788 sine
1124 1747 1257 1802 signis
1284 1746 1492 1800 certisque
1519 1747 1627 1788 ordi-

298 1811 422 1852 nibus
444 1811 551 1865 [sine
571 1810 753 1865 ratione]
774 1811 1028 1866 prodierant,
1053 1812 1114 1853 sie
1132 1814 1288 1852 temere
1308 1811 1353 1852 in
1371 1825 1498 1852 naves
1518 1811 1626 1852 refu-

299 1889 395 1930 gere
410 1877 647 1929 eoeperunt.
682 1874 869 1924 Quorum
890 1876 992 1931 fuga
1011 1875 1175 1917 incitati
1189 1874 1466 1916 Alexandrini
1484 1874 1626 1928 plures
1653 1871 1655 1873 ¹

299 1955 349 1981 ex
373 1939 551 1980 navibus
572 1940 894 1993 egrediebantur
918 1943 1169 1994 nostrosque
1195 1939 1463 1994 perturbatos
1490 1939 1626 1980 acrius

298 2004 638 2058 insequebantur.
701 2002 855 2058 Simul,
896 2005 969 2059 qui
1005 2005 1051 2046 in
1086 2005 1264 2045 navibus
1295 2003 1435 2058 longis
1466 2017 1625 2044 reman-

298 2072 450 2123 serant,
482 2068 615 2109 scalas
640 2082 785 2122 rapere
805 2082 1014 2122 navesque
1034 2082 1058 2108 a
1077 2070 1190 2109 terra
1208 2067 1409 2121 repellere
1429 2081 1624 2121 propera-

297 2133 416 2188 bant,
452 2147 503 2174 ne
535 2132 679 2174 hostes
710 2133 888 2174 navibus
922 2133 1170 2187 potirentur.
1233 2132 1395 2181 Quibus
1428 2132 1624 2173 omnibus

297 2197 421 2238 rebus
453 2197 687 2251 perturbati
717 2196 875 2238 milites
907 2197 1042 2238 nostri
1075 2197 1312 2238 cohortium
1343 2196 1486 2250 trium,
1518 2210 1624 2250 quae

297 2262 339 2302 in
383 2265 511 2316 ponte
555 2275 602 2302 ae
644 2261 781 2316 prima
820 2261 931 2302 mole
972 2261 1265 2315 constiterant,
1309 2275 1403 2302 eum
1442 2263 1540 2315 post
1580 2274 1659 2309 se„

297 2326 522 2367 clamorem
549 2325 805 2380 exaudirent,
830 2326 975 2380 fugam
1003 2340 1174 2367 suorum
1200 2325 1401 2378 viderent,
1427 2338 1623 2379 magnam
