1638 2600
531 95 629 130 CAP.
660 95 912 130 LXII—LXV.
1338 95 1390 135 41

63 194 372 246 oppresserunt.
436 190 557 240 Quod
589 191 670 232 nisi
703 190 894 232 celeriter
931 191 1220 246 indignatione
1253 193 1294 232 et
1326 204 1394 230 au·
1421 201 1442 231 6

62 255 165 297 xiljo
196 255 345 309 Lepidi
376 255 584 309 proelium
617 258 728 297 esset
759 255 1026 310 diremptum,
1063 256 1198 297 maior
1229 254 1393 296 calami-

63 323 126 361 tas
158 322 269 360 esset
301 322 481 373 accepta.

147 381 323 424 LXIHJ.
374 382 480 424 Cum
511 383 592 425 iter
624 382 769 424 Cassio
800 384 1058 437 patefactum
1091 387 1219 438 esset,
1257 385 1395 424 castra
1421 393 1439 424 1

61 447 285 490 Marcellus
342 461 436 488 cum
492 446 652 501 Lepido
709 448 938 502 coniungit.
1012 448 1198 502 Lepidus
1249 447 1394 489 eodem

61 515 250 566 tempore
292 511 603 566 Marcellusque
647 510 884 553 Cordubam
929 527 1024 553 cum
1068 514 1176 567 suis,
1225 511 1394 554 Cassius

59 575 342 631 proficiscitur
374 574 634 617 Carmonem.
697 574 784 617 Sub
816 577 927 618 idem
959 580 1126 631 tempus
1158 577 1395 619 Trebonius
1421 585 1443 616 2

59 639 287 695 proconsul
318 639 370 680 ad
400 640 661 693 provinciam
688 640 959 681 obtinendam
990 641 1116 681 venit.
1178 640 1242 682 De
1275 641 1394 682 cuius

60 705 241 746 adventu
267 707 316 745 ut
341 704 541 758 cognovit
567 703 752 758 Cassius,
783 704 990 760 legiones,
1023 719 1127 759 quas
1154 720 1297 747 secum
1322 704 1394 745 ha-

59 769 222 822 buerat,
254 768 574 823 equitatumque
606 768 648 809 in
678 768 856 810 hiberna
881 769 1115 824 distribuit3
1147 770 1237 823 ipse
1264 769 1395 810 omni-

60 834 140 875 bus
179 833 267 874 suis
306 833 431 874 rebus
471 833 661 874 celeriter
697 834 902 887 correptis
933 833 1140 875 Malacam
1178 833 1396 875 contendit

62 898 204 952 ibique
231 897 405 938 adverso
426 900 615 951 tempore
640 897 866 953 navigandi
886 913 1035 940 navem
1062 898 1317 952 conscendit,
1347 900 1396 938 ut

60 963 150 1017 ipse
187 962 474 1016 praedicabat,
511 976 563 1003 ne
601 976 644 1003 se
681 961 841 1016 Lepido
879 965 921 1003 et
958 962 1169 1004 Trebonio
1208 965 1250 1004 et
1286 961 1396 1003 Mar-

60 1027 165 1069 cello
204 1026 508 1080 committeret,
548 1028 597 1067 ut
634 1027 757 1068 amici
796 1028 885 1069 eius
925 1027 1196 1081 dictitabant,
1232 1042 1284 1068 ne
1320 1041 1397 1081 per

60 1106 151 1133 eam
200 1090 461 1144 provinciam
504 1090 666 1132 minore
714 1105 809 1132 cum
854 1091 1060 1146 dignitate
1104 1092 1186 1133 iter
1228 1091 1396 1145 faceret,

60 1156 179 1197 cuius
211 1169 365 1210 magna
395 1170 492 1209 pars
525 1155 576 1195 ab
609 1169 657 1196 eo
691 1155 915 1210 defecerat,
947 1159 996 1197 ut
1027 1156 1155 1198 ceteri
1184 1155 1396 1197 existima-

57 1220 179 1273 bant,
216 1234 268 1260 ne
305 1219 484 1273 pecunia
520 1218 594 1259 illa
626 1233 676 1260 ex
713 1219 891 1261 infinitis
929 1221 1089 1274 rapinis
1128 1220 1320 1261 confecta
1350 1220 1395 1260 in

58 1286 314 1338 potestatem
347 1283 594 1336 cuiusquam
626 1283 798 1324 veniret.
851 1283 1109 1339 Progressus
1135 1284 1318 1325 secunda
1347 1286 1396 1325 ut
1420 1293 1443 1324 3

57 1348 236 1389 hiberna
283 1349 535 1400 tempestate
579 1361 674 1388 cum
718 1348 761 1388 in
803 1347 1012 1389 Hiberum
1056 1349 1214 1389 flumen
1257 1348 1395 1389 noctis

58 1412 255 1454 vitandae
282 1426 408 1452 causa
432 1425 476 1452 se
502 1410 764 1465 contulisset,
794 1412 891 1453 inde
922 1412 1048 1466 paulo
1080 1412 1395 1454 vehementiore

59 1478 324 1531 tempestate,
350 1475 484 1517 nihilo
510 1475 789 1530 periculosius
816 1491 859 1517 se
885 1476 1184 1531 navigaturum
1210 1476 1396 1531 credens,

58 1541 273 1596 profectus
305 1540 491 1581 adversis
528 1540 728 1581 fluctibus
768 1541 1085 1583 occurrentibus
1117 1541 1227 1582 ostio
1259 1541 1395 1582 fiumi-

58 1606 136 1660 nis,
168 1606 212 1646 in
231 1605 336 1659 ipsis
355 1604 562 1659 faucibus,
589 1619 684 1645 cum
703 1620 839 1659 neque
859 1606 1027 1647 flectere
1046 1621 1196 1647 navem
1221 1608 1397 1660 propter

58 1671 145 1712 vim
181 1670 370 1711 fluminis
414 1683 550 1723 neque
596 1669 804 1710 derectam
845 1671 976 1711 tantis
1014 1671 1216 1712 fluctibus
1253 1674 1396 1712 tenere

58 1737 213 1790 posset,
245 1734 435 1776 demersa
465 1748 571 1775 nave
602 1734 739 1787 periit.
776 1759 830 1763 —

145 1797 274 1839 LXV.
320 1796 424 1839 Cum
456 1797 500 1838 in
528 1796 694 1851 Syriam
721 1797 873 1839 Caesar
905 1813 955 1840 ex
980 1797 1179 1853 Aegypto
1210 1799 1396 1840 venisset
1422 1808 1440 1838 1

61 1866 186 1918 atque
217 1863 268 1904 ab
301 1863 366 1917 iis,
399 1862 471 1917 qui
496 1861 635 1903 Roma
665 1865 868 1904 venerant
899 1863 951 1904 ad
983 1877 1090 1918 eum,
1123 1866 1396 1918 cognosceret

58 1927 297 1981 litterisque
334 1926 508 1967 urbanis
546 1925 899 1969 animadverteret
929 1927 1065 1968 multa
1094 1927 1255 1969 Romae
1286 1928 1395 1969 male

61 1994 102 2033 et
138 1991 347 2032 inutiliter
385 1990 671 2032 administrari
710 2005 845 2046 neque
883 1990 1014 2032 ullam
1053 1994 1218 2046 partem
1259 1991 1394 2045 reipu-

59 2055 193 2098 blicae
225 2056 328 2097 satis
355 2055 573 2097 commode
605 2055 714 2110 geri,
747 2056 859 2110 quod
885 2059 928 2097 et
952 2056 1296 2098 contentionibus
1321 2055 1394 2096 tri-

60 2120 240 2162 buniciis
270 2120 531 2175 perniciosae
570 2120 798 2162 seditiones
831 2120 1044 2161 orirentur
1085 2123 1127 2161 et
1165 2119 1396 2160 ambitione

62 2187 186 2239 atque
223 2185 490 2240 indiligentia
530 2185 799 2226 tribunorum
837 2185 1023 2226 militum
1057 2188 1098 2225 et
1129 2197 1283 2234 eorum,
1323 2183 1396 2237 qui

60 2248 298 2304 legionibus
329 2252 563 2304 praeerant,
594 2249 730 2290 multa
762 2252 908 2291 contra
938 2263 1098 2289 morem
1131 2247 1395 2289 consuetudi-

61 2328 239 2367 nemque
264 2313 491 2354 militarem
517 2314 679 2367 fierent,
705 2328 810 2368 quae
832 2313 1121 2354 dissolvendae
1149 2312 1395 2366 disciplinae
