<?xml version="1.0" encoding="UTF-8"?>
<!DOCTYPE html PUBLIC "-//W3C//DTD XHTML 1.0 Transitional//EN"
    "http://www.w3.org/TR/xhtml1/DTD/xhtml1-transitional.dtd">
<html xmlns="http://www.w3.org/1999/xhtml" xml:lang="en" lang="en">
 <head>
  <title>
</title>
<meta http-equiv="Content-Type" content="text/html;charset=utf-8" />
  <meta name='ocr-system' content='tesseract 3.04.00' />
  <meta name='ocr-capabilities' content='ocr_page ocr_carea ocr_par ocr_line ocrx_word'/>
</head>
<body>
  <div class='ocr_page' id='page_1' title='image "./commentarii03caesuoft_0102.png"; bbox 0 0 1669 2574; ppageno 0'>
   <div class='ocr_carea' id='block_1_1' title="bbox 308 135 1192 180">
    <p class='ocr_par' dir='ltr' id='par_1_1' title="bbox 308 135 1192 180">
     <span class='ocr_line' id='line_1_1' title="bbox 308 135 1192 180; baseline 0 -11"><span class='ocrx_word' id='word_1_1' title='bbox 308 139 364 180; x_wconf 82' lang='lat'>54</span> <span class='ocrx_word' id='word_1_2' title='bbox 754 135 947 169; x_wconf 84' lang='lat' dir='ltr'>BELLUM</span> <span class='ocrx_word' id='word_1_3' title='bbox 971 135 1192 170; x_wconf 76' lang='lat' dir='ltr'>AFRICUM</span> 
     </span>
    </p>
   </div>
   <div class='ocr_carea' id='block_1_2' title="bbox 258 231 1668 2391">
    <p class='ocr_par' dir='ltr' id='par_1_2' title="bbox 302 231 1668 1316">
     <span class='ocr_line' id='line_1_2' title="bbox 304 231 1634 286; baseline -0.001 -12"><span class='ocrx_word' id='word_1_4' title='bbox 304 234 422 274; x_wconf 92' lang='lat' dir='ltr'>iubet</span> <span class='ocrx_word' id='word_1_5' title='bbox 453 231 707 286; x_wconf 90' lang='lat' dir='ltr'>comportari</span> <span class='ocrx_word' id='word_1_6' title='bbox 732 231 886 285; x_wconf 90' lang='lat' dir='ltr'>ligna</span> <span class='ocrx_word' id='word_1_7' title='bbox 874 245 919 271; x_wconf 90' lang='lat' dir='ltr'>1n</span> <span class='ocrx_word' id='word_1_8' title='bbox 945 231 1146 284; x_wconf 88' lang='lat' dir='ltr'>oppidum</span> <span class='ocrx_word' id='word_1_9' title='bbox 1173 246 1298 285; x_wconf 89' lang='lat' dir='ltr'>quam</span> <span class='ocrx_word' id='word_1_10' title='bbox 1324 231 1522 285; x_wconf 81' lang='lat' dir='ltr'>plurima3</span> <span class='ocrx_word' id='word_1_11' title='bbox 1547 231 1634 285; x_wconf 89' lang='lat' dir='ltr'>ipse</span> 
     </span>
     <span class='ocr_line' id='line_1_3' title="bbox 305 295 1636 350; baseline -0.001 -11"><span class='ocrx_word' id='word_1_12' title='bbox 305 312 399 339; x_wconf 90' lang='lat' dir='ltr'>cum</span> <span class='ocrx_word' id='word_1_13' title='bbox 437 295 681 338; x_wconf 74' lang='lat' dir='ltr'><strong>cohortibus</strong></span> <span class='ocrx_word' id='word_1_14' title='bbox 714 307 797 350; x_wconf 82' lang='lat' dir='ltr'>Vn,</span> <span class='ocrx_word' id='word_1_15' title='bbox 836 309 941 349; x_wconf 90' lang='lat' dir='ltr'>quae</span> <span class='ocrx_word' id='word_1_16' title='bbox 979 309 1030 336; x_wconf 84' lang='lat' dir='ltr'>ex</span> <span class='ocrx_word' id='word_1_17' title='bbox 1066 295 1274 336; x_wconf 86' lang='lat' dir='ltr'>veteranis</span> <span class='ocrx_word' id='word_1_18' title='bbox 1311 295 1550 350; x_wconf 83' lang='lat' dir='ltr'>legionibus</span> <span class='ocrx_word' id='word_1_19' title='bbox 1593 295 1636 338; x_wconf 82' lang='lat' dir='ltr'>in</span> 
     </span>
     <span class='ocr_line' id='line_1_4' title="bbox 305 358 1636 414; baseline -0.001 -12"><span class='ocrx_word' id='word_1_20' title='bbox 305 362 435 403; x_wconf 91' lang='lat' dir='ltr'>classe</span> <span class='ocrx_word' id='word_1_21' title='bbox 479 375 574 401; x_wconf 92' lang='lat' dir='ltr'>cum</span> <span class='ocrx_word' id='word_1_22' title='bbox 620 359 807 414; x_wconf 84' lang='lat' dir='ltr'>Sulpicio</span> <span class='ocrx_word' id='word_1_23' title='bbox 859 362 901 400; x_wconf 91' lang='lat' dir='ltr'>et</span> <span class='ocrx_word' id='word_1_24' title='bbox 943 358 1117 400; x_wconf 88' lang='lat' dir='ltr'>Vatinio</span> <span class='ocrx_word' id='word_1_25' title='bbox 1167 374 1255 400; x_wconf 89' lang='lat' dir='ltr'>rem</span> <span class='ocrx_word' id='word_1_26' title='bbox 1304 362 1537 414; x_wconf 72' lang='lat' dir='ltr'>gesserant,</span> <span class='ocrx_word' id='word_1_27' title='bbox 1586 373 1636 402; x_wconf 82' lang='lat' dir='ltr'>ex</span> 
     </span>
     <span class='ocr_line' id='line_1_5' title="bbox 305 423 1636 479; baseline 0 -14"><span class='ocrx_word' id='word_1_28' title='bbox 305 425 458 479; x_wconf 89' lang='lat' dir='ltr'>oppido</span> <span class='ocrx_word' id='word_1_29' title='bbox 490 424 683 478; x_wconf 83' lang='lat' dir='ltr'>Ruspina</span> <span class='ocrx_word' id='word_1_30' title='bbox 713 437 907 479; x_wconf 89' lang='lat' dir='ltr'>egressus</span> <span class='ocrx_word' id='word_1_31' title='bbox 939 423 1221 477; x_wconf 90' lang='lat' dir='ltr'>proficiscitur</span> <span class='ocrx_word' id='word_1_32' title='bbox 1252 424 1304 464; x_wconf 89' lang='lat' dir='ltr'>ad</span> <span class='ocrx_word' id='word_1_33' title='bbox 1339 426 1528 478; x_wconf 88' lang='lat' dir='ltr'>portum,</span> <span class='ocrx_word' id='word_1_34' title='bbox 1565 424 1636 478; x_wconf 92' lang='lat' dir='ltr'>qui</span> 
     </span>
     <span class='ocr_line' id='line_1_6' title="bbox 305 487 1636 542; baseline 0 -13"><span class='ocrx_word' id='word_1_35' title='bbox 305 489 423 529; x_wconf 89' lang='lat' dir='ltr'>abest</span> <span class='ocrx_word' id='word_1_36' title='bbox 460 488 511 529; x_wconf 89' lang='lat' dir='ltr'>ab</span> <span class='ocrx_word' id='word_1_37' title='bbox 550 488 705 542; x_wconf 90' lang='lat' dir='ltr'>oppido</span> <span class='ocrx_word' id='word_1_38' title='bbox 742 487 861 528; x_wconf 91' lang='lat' dir='ltr'>milia</span> <span class='ocrx_word' id='word_1_39' title='bbox 897 502 1098 541; x_wconf 88' lang='lat' dir='ltr'>passuum</span> <span class='ocrx_word' id='word_1_40' title='bbox 1137 488 1236 541; x_wconf 91' lang='lat' dir='ltr'>duo,</span> <span class='ocrx_word' id='word_1_41' title='bbox 1280 488 1422 542; x_wconf 86' lang='lat' dir='ltr'>ibique</span> <span class='ocrx_word' id='word_1_42' title='bbox 1462 487 1636 530; x_wconf 81' lang='lat' dir='ltr'>classem</span> 
     </span>
     <span class='ocr_line' id='line_1_7' title="bbox 305 550 1668 607; baseline 0.001 -14"><span class='ocrx_word' id='word_1_43' title='bbox 305 553 382 593; x_wconf 83' lang='lat' dir='ltr'>sub</span> <span class='ocrx_word' id='word_1_44' title='bbox 413 567 635 607; x_wconf 87' lang='lat' dir='ltr'>vesperum</span> <span class='ocrx_word' id='word_1_45' title='bbox 666 567 762 594; x_wconf 90' lang='lat' dir='ltr'>cum</span> <span class='ocrx_word' id='word_1_46' title='bbox 794 567 842 593; x_wconf 93' lang='lat' dir='ltr'>ea</span> <span class='ocrx_word' id='word_1_47' title='bbox 876 552 997 606; x_wconf 88' lang='lat' dir='ltr'>copia</span> <span class='ocrx_word' id='word_1_48' title='bbox 1033 552 1285 593; x_wconf 87' lang='lat' dir='ltr'>conscendit.</span> <span class='ocrx_word' id='word_1_49' title='bbox 1349 550 1556 593; x_wconf 90' lang='lat' dir='ltr'>Omnibus</span> <span class='ocrx_word' id='word_1_50' title='bbox 1594 552 1638 594; x_wconf 89' lang='lat' dir='ltr'>in</span> <span class='ocrx_word' id='word_1_51' title='bbox 1666 584 1668 586; x_wconf 89' lang='lat'>-</span> 
     </span>
     <span class='ocr_line' id='line_1_8' title="bbox 305 616 1638 672; baseline 0 -15"><span class='ocrx_word' id='word_1_52' title='bbox 305 617 490 658; x_wconf 84' lang='lat' dir='ltr'>exercitu</span> <span class='ocrx_word' id='word_1_53' title='bbox 521 617 666 659; x_wconf 89' lang='lat' dir='ltr'>insciis</span> <span class='ocrx_word' id='word_1_54' title='bbox 699 620 740 658; x_wconf 93' lang='lat' dir='ltr'>et</span> <span class='ocrx_word' id='word_1_55' title='bbox 772 616 1085 671; x_wconf 70' lang='lat' dir='ltr'>requirentibus</span> <span class='ocrx_word' id='word_1_56' title='bbox 1111 616 1378 670; x_wconf 89' lang='lat' dir='ltr'>imperatoris</span> <span class='ocrx_word' id='word_1_57' title='bbox 1404 616 1638 672; x_wconf 89' lang='lat' dir='ltr'>consilium,</span> 
     </span>
     <span class='ocr_line' id='line_1_9' title="bbox 304 680 1667 736; baseline 0.001 -15"><span class='ocrx_word' id='word_1_58' title='bbox 304 695 456 736; x_wconf 84' lang='lat' dir='ltr'>magno</span> <span class='ocrx_word' id='word_1_59' title='bbox 508 684 624 722; x_wconf 87' lang='lat' dir='ltr'>metu</span> <span class='ocrx_word' id='word_1_60' title='bbox 674 696 721 723; x_wconf 89' lang='lat' dir='ltr'>ac</span> <span class='ocrx_word' id='word_1_61' title='bbox 771 681 1029 722; x_wconf 88' lang='lat' dir='ltr'>tristimonia</span> <span class='ocrx_word' id='word_1_62' title='bbox 1078 680 1427 722; x_wconf 70' lang='lat' dir='ltr'>sollicitabantur.</span> <span class='ocrx_word' id='word_1_63' title='bbox 1503 680 1638 723; x_wconf 89' lang='lat' dir='ltr'>Parva</span> <span class='ocrx_word' id='word_1_64' title='bbox 1665 684 1667 734; x_wconf 50' lang='grc' dir='ltr'>ᾗ</span> 
     </span>
     <span class='ocr_line' id='line_1_10' title="bbox 303 745 1638 801; baseline 0.001 -16"><span class='ocrx_word' id='word_1_65' title='bbox 303 745 414 786; x_wconf 90' lang='lat' dir='ltr'>enim</span> <span class='ocrx_word' id='word_1_66' title='bbox 446 759 540 786; x_wconf 90' lang='lat' dir='ltr'>cum</span> <span class='ocrx_word' id='word_1_67' title='bbox 573 745 693 799; x_wconf 89' lang='lat' dir='ltr'>copia</span> <span class='ocrx_word' id='word_1_68' title='bbox 726 748 767 786; x_wconf 90' lang='lat' dir='ltr'>et</span> <span class='ocrx_word' id='word_1_69' title='bbox 799 759 847 786; x_wconf 93' lang='lat' dir='ltr'>ea</span> <span class='ocrx_word' id='word_1_70' title='bbox 878 745 1084 799; x_wconf 90' lang='lat' dir='ltr'>tironum,</span> <span class='ocrx_word' id='word_1_71' title='bbox 1120 759 1255 799; x_wconf 89' lang='lat' dir='ltr'>neque</span> <span class='ocrx_word' id='word_1_72' title='bbox 1290 745 1404 786; x_wconf 90' lang='lat' dir='ltr'>omni</span> <span class='ocrx_word' id='word_1_73' title='bbox 1436 745 1638 801; x_wconf 87' lang='lat' dir='ltr'>exposita,</span> 
     </span>
     <span class='ocr_line' id='line_1_11' title="bbox 302 807 1665 864; baseline -0.001 -14"><span class='ocrx_word' id='word_1_74' title='bbox 302 810 347 850; x_wconf 92' lang='lat' dir='ltr'>in</span> <span class='ocrx_word' id='word_1_75' title='bbox 377 808 523 851; x_wconf 82' lang='lat' dir='ltr'>Africa</span> <span class='ocrx_word' id='word_1_76' title='bbox 554 812 700 851; x_wconf 85' lang='lat' dir='ltr'>contra</span> <span class='ocrx_word' id='word_1_77' title='bbox 730 824 907 864; x_wconf 89' lang='lat' dir='ltr'>magnas</span> <span class='ocrx_word' id='word_1_78' title='bbox 939 809 1082 863; x_wconf 87' lang='lat' dir='ltr'>copias</span> <span class='ocrx_word' id='word_1_79' title='bbox 1114 812 1156 850; x_wconf 90' lang='lat' dir='ltr'>et</span> <span class='ocrx_word' id='word_1_80' title='bbox 1193 809 1418 851; x_wconf 88' lang='lat' dir='ltr'>insidiosae</span> <span class='ocrx_word' id='word_1_81' title='bbox 1454 810 1638 851; x_wconf 88' lang='lat' dir='ltr'>nationis</span> <span class='ocrx_word' id='word_1_82' title='bbox 1664 807 1665 849; x_wconf 71' lang='grc' dir='ltr'>ἶ</span> 
     </span>
     <span class='ocr_line' id='line_1_12' title="bbox 303 873 1663 928; baseline 0.002 -14"><span class='ocrx_word' id='word_1_83' title='bbox 303 874 539 928; x_wconf 83' lang='lat' dir='ltr'>equitatum</span> <span class='ocrx_word' id='word_1_84' title='bbox 571 873 921 914; x_wconf 89' lang='lat' dir='ltr'>innumerabilem</span> <span class='ocrx_word' id='word_1_85' title='bbox 953 888 997 915; x_wconf 92' lang='lat' dir='ltr'>se</span> <span class='ocrx_word' id='word_1_86' title='bbox 1029 873 1244 927; x_wconf 81' lang='lat' dir='ltr'>expositos</span> <span class='ocrx_word' id='word_1_87' title='bbox 1275 874 1475 915; x_wconf 86' lang='lat' dir='ltr'>videbant</span> <span class='ocrx_word' id='word_1_88' title='bbox 1504 888 1663 928; x_wconf 83' lang='lat' dir='ltr'>neque</span> 
     </span>
     <span class='ocr_line' id='line_1_13' title="bbox 304 935 1664 992; baseline 0.001 -14"><span class='ocrx_word' id='word_1_89' title='bbox 304 938 528 992; x_wconf 90' lang='lat' dir='ltr'>quicquam</span> <span class='ocrx_word' id='word_1_90' title='bbox 561 937 703 979; x_wconf 89' lang='lat' dir='ltr'>solatii</span> <span class='ocrx_word' id='word_1_91' title='bbox 730 938 775 979; x_wconf 89' lang='lat' dir='ltr'>in</span> <span class='ocrx_word' id='word_1_92' title='bbox 800 937 1038 991; x_wconf 88' lang='lat' dir='ltr'>praesentia</span> <span class='ocrx_word' id='word_1_93' title='bbox 1062 952 1198 992; x_wconf 89' lang='lat' dir='ltr'>neque</span> <span class='ocrx_word' id='word_1_94' title='bbox 1225 937 1372 979; x_wconf 83' lang='lat' dir='ltr'>auxilii</span> <span class='ocrx_word' id='word_1_95' title='bbox 1396 938 1440 979; x_wconf 91' lang='lat' dir='ltr'>in</span> <span class='ocrx_word' id='word_1_96' title='bbox 1465 952 1638 980; x_wconf 87' lang='lat' dir='ltr'>suorum</span> <span class='ocrx_word' id='word_1_97' title='bbox 1662 935 1664 954; x_wconf 61' lang='lat'><em>³</em></span> 
     </span>
     <span class='ocr_line' id='line_1_14' title="bbox 303 1001 1662 1060; baseline 0.001 -18"><span class='ocrx_word' id='word_1_98' title='bbox 303 1002 480 1043; x_wconf 91' lang='lat' dir='ltr'>consilio</span> <span class='ocrx_word' id='word_1_99' title='bbox 506 1002 694 1043; x_wconf 89' lang='lat' dir='ltr'>animum</span> <span class='ocrx_word' id='word_1_100' title='bbox 721 1001 1006 1056; x_wconf 79' lang='lat' dir='ltr'>advertebant,</span> <span class='ocrx_word' id='word_1_101' title='bbox 1037 1003 1120 1043; x_wconf 89' lang='lat' dir='ltr'>nisi</span> <span class='ocrx_word' id='word_1_102' title='bbox 1146 1003 1189 1043; x_wconf 92' lang='lat' dir='ltr'>in</span> <span class='ocrx_word' id='word_1_103' title='bbox 1214 1003 1348 1056; x_wconf 91' lang='lat' dir='ltr'>ipsius</span> <span class='ocrx_word' id='word_1_104' title='bbox 1372 1002 1638 1056; x_wconf 83' lang='lat' dir='ltr'>imperatoris</span> <span class='ocrx_word' id='word_1_105' title='bbox 1660 1047 1662 1060; x_wconf 34' lang='lat' dir='ltr'>y</span> 
     </span>
     <span class='ocr_line' id='line_1_15' title="bbox 303 1065 1661 1121; baseline 0.001 -14"><span class='ocrx_word' id='word_1_106' title='bbox 303 1066 438 1120; x_wconf 86' lang='lat' dir='ltr'>vultu,</span> <span class='ocrx_word' id='word_1_107' title='bbox 455 1066 601 1121; x_wconf 84' lang='lat' dir='ltr'>vigore</span> <span class='ocrx_word' id='word_1_108' title='bbox 620 1065 889 1120; x_wconf 86' lang='lat' dir='ltr'>mirabilique</span> <span class='ocrx_word' id='word_1_109' title='bbox 908 1065 1141 1120; x_wconf 74' lang='lat' dir='ltr'>hilaritate,</span> <span class='ocrx_word' id='word_1_110' title='bbox 1167 1065 1354 1106; x_wconf 88' lang='lat' dir='ltr'>animum</span> <span class='ocrx_word' id='word_1_111' title='bbox 1374 1065 1486 1106; x_wconf 91' lang='lat' dir='ltr'>enim</span> <span class='ocrx_word' id='word_1_112' title='bbox 1506 1065 1638 1108; x_wconf 90' lang='lat' dir='ltr'>altum</span> <span class='ocrx_word' id='word_1_113' title='bbox 1660 1074 1661 1112; x_wconf 69' lang='lat' dir='ltr'>J</span> 
     </span>
     <span class='ocr_line' id='line_1_16' title="bbox 304 1129 1637 1185; baseline -0.001 -14"><span class='ocrx_word' id='word_1_114' title='bbox 304 1133 346 1171; x_wconf 92' lang='lat' dir='ltr'>et</span> <span class='ocrx_word' id='word_1_115' title='bbox 376 1133 562 1171; x_wconf 87' lang='lat' dir='ltr'>erectum</span> <span class='ocrx_word' id='word_1_116' title='bbox 593 1145 693 1184; x_wconf 88' lang='lat' dir='ltr'>prae</span> <span class='ocrx_word' id='word_1_117' title='bbox 731 1145 775 1171; x_wconf 90' lang='lat' dir='ltr'>se</span> <span class='ocrx_word' id='word_1_118' title='bbox 813 1130 996 1185; x_wconf 82' lang='lat' dir='ltr'>gerebat.</span> <span class='ocrx_word' id='word_1_119' title='bbox 1057 1129 1170 1171; x_wconf 91' lang='lat' dir='ltr'>Huic</span> <span class='ocrx_word' id='word_1_120' title='bbox 1207 1130 1531 1184; x_wconf 88' lang='lat' dir='ltr'>adquiescebant</span> <span class='ocrx_word' id='word_1_121' title='bbox 1566 1129 1637 1171; x_wconf 94' lang='lat' dir='ltr'>ho-</span> 
     </span>
     <span class='ocr_line' id='line_1_17' title="bbox 303 1193 1658 1250; baseline 0 -15"><span class='ocrx_word' id='word_1_122' title='bbox 303 1195 436 1235; x_wconf 88' lang='lat' dir='ltr'>mines</span> <span class='ocrx_word' id='word_1_123' title='bbox 474 1197 516 1235; x_wconf 91' lang='lat' dir='ltr'>et</span> <span class='ocrx_word' id='word_1_124' title='bbox 552 1194 596 1234; x_wconf 91' lang='lat' dir='ltr'>in</span> <span class='ocrx_word' id='word_1_125' title='bbox 634 1194 724 1235; x_wconf 90' lang='lat' dir='ltr'>eius</span> <span class='ocrx_word' id='word_1_126' title='bbox 761 1194 938 1235; x_wconf 88' lang='lat' dir='ltr'>scientia</span> <span class='ocrx_word' id='word_1_127' title='bbox 975 1197 1017 1235; x_wconf 90' lang='lat' dir='ltr'>et</span> <span class='ocrx_word' id='word_1_128' title='bbox 1054 1193 1229 1235; x_wconf 88' lang='lat' dir='ltr'>consilio</span> <span class='ocrx_word' id='word_1_129' title='bbox 1262 1193 1404 1235; x_wconf 91' lang='lat' dir='ltr'>omnia</span> <span class='ocrx_word' id='word_1_130' title='bbox 1433 1194 1516 1235; x_wconf 90' lang='lat' dir='ltr'>sibi</span> <span class='ocrx_word' id='word_1_131' title='bbox 1545 1208 1658 1250; x_wconf 91' lang='lat' dir='ltr'>pro-</span> 
     </span>
     <span class='ocr_line' id='line_1_18' title="bbox 304 1257 994 1312; baseline 0.001 -13"><span class='ocrx_word' id='word_1_132' title='bbox 304 1258 428 1299; x_wconf 84' lang='lat' dir='ltr'>clivia</span> <span class='ocrx_word' id='word_1_133' title='bbox 458 1272 603 1298; x_wconf 88' lang='lat' dir='ltr'>omnes</span> <span class='ocrx_word' id='word_1_134' title='bbox 635 1257 725 1299; x_wconf 86' lang='lat' dir='ltr'>fore</span> <span class='ocrx_word' id='word_1_135' title='bbox 757 1258 994 1312; x_wconf 87' lang='lat' dir='ltr'>sperabant.</span> 
     </span>
    </p>

    <p class='ocr_par' dir='ltr' id='par_1_3' title="bbox 258 1320 1658 2391">
     <span class='ocr_line' id='line_1_19' title="bbox 391 1320 1658 1375; baseline 0 -13"><span class='ocrx_word' id='word_1_136' title='bbox 391 1321 462 1363; x_wconf 88' lang='lat' dir='ltr'>XI.</span> <span class='ocrx_word' id='word_1_137' title='bbox 525 1320 678 1363; x_wconf 81' lang='lat' dir='ltr'>Caesar</span> <span class='ocrx_word' id='word_1_138' title='bbox 714 1336 798 1363; x_wconf 90' lang='lat' dir='ltr'>una</span> <span class='ocrx_word' id='word_1_139' title='bbox 834 1325 956 1363; x_wconf 90' lang='lat' dir='ltr'>nocte</span> <span class='ocrx_word' id='word_1_140' title='bbox 988 1323 1032 1364; x_wconf 93' lang='lat' dir='ltr'>in</span> <span class='ocrx_word' id='word_1_141' title='bbox 1063 1323 1241 1364; x_wconf 86' lang='lat' dir='ltr'>navibus</span> <span class='ocrx_word' id='word_1_142' title='bbox 1273 1324 1524 1375; x_wconf 87' lang='lat' dir='ltr'>consumpta</span> <span class='ocrx_word' id='word_1_143' title='bbox 1554 1322 1658 1363; x_wconf 90' lang='lat' dir='ltr'>iam</span> 
     </span>
     <span class='ocr_line' id='line_1_20' title="bbox 305 1386 1637 1440; baseline -0.001 -13"><span class='ocrx_word' id='word_1_144' title='bbox 305 1387 417 1428; x_wconf 86' lang='lat' dir='ltr'>caelo</span> <span class='ocrx_word' id='word_1_145' title='bbox 449 1386 615 1427; x_wconf 88' lang='lat' dir='ltr'>albente</span> <span class='ocrx_word' id='word_1_146' title='bbox 648 1400 743 1427; x_wconf 88' lang='lat' dir='ltr'>cum</span> <span class='ocrx_word' id='word_1_147' title='bbox 774 1387 985 1439; x_wconf 88' lang='lat' dir='ltr'>proficisci</span> <span class='ocrx_word' id='word_1_148' title='bbox 1017 1390 1255 1440; x_wconf 82' lang='lat' dir='ltr'>conaretur,</span> <span class='ocrx_word' id='word_1_149' title='bbox 1295 1387 1436 1427; x_wconf 91' lang='lat' dir='ltr'>subito</span> <span class='ocrx_word' id='word_1_150' title='bbox 1467 1386 1637 1427; x_wconf 86' lang='lat' dir='ltr'>navium</span> 
     </span>
     <span class='ocr_line' id='line_1_21' title="bbox 303 1450 1656 1505; baseline -0.001 -14"><span class='ocrx_word' id='word_1_151' title='bbox 303 1466 417 1505; x_wconf 86' lang='lat' dir='ltr'>pars,</span> <span class='ocrx_word' id='word_1_152' title='bbox 455 1450 504 1491; x_wconf 89' lang='lat' dir='ltr'>de</span> <span class='ocrx_word' id='word_1_153' title='bbox 543 1464 626 1504; x_wconf 89' lang='lat' dir='ltr'>qua</span> <span class='ocrx_word' id='word_1_154' title='bbox 662 1450 856 1504; x_wconf 88' lang='lat' dir='ltr'>timebat,</span> <span class='ocrx_word' id='word_1_155' title='bbox 895 1465 947 1492; x_wconf 85' lang='lat' dir='ltr'>ex</span> <span class='ocrx_word' id='word_1_156' title='bbox 984 1466 1124 1492; x_wconf 85' lang='lat' dir='ltr'>errore</span> <span class='ocrx_word' id='word_1_157' title='bbox 1156 1451 1303 1492; x_wconf 90' lang='lat' dir='ltr'>eodem</span> <span class='ocrx_word' id='word_1_158' title='bbox 1335 1450 1656 1491; x_wconf 87' lang='lat' dir='ltr'>conferebatur.</span> 
     </span>
     <span class='ocr_line' id='line_1_22' title="bbox 303 1513 1655 1568; baseline 0.001 -13"><span class='ocrx_word' id='word_1_159' title='bbox 303 1514 394 1556; x_wconf 89' lang='lat' dir='ltr'>Hac</span> <span class='ocrx_word' id='word_1_160' title='bbox 430 1529 474 1556; x_wconf 90' lang='lat' dir='ltr'>re</span> <span class='ocrx_word' id='word_1_161' title='bbox 512 1514 682 1568; x_wconf 88' lang='lat' dir='ltr'>cognita</span> <span class='ocrx_word' id='word_1_162' title='bbox 720 1513 871 1555; x_wconf 87' lang='lat' dir='ltr'>Caesar</span> <span class='ocrx_word' id='word_1_163' title='bbox 914 1514 1105 1556; x_wconf 86' lang='lat' dir='ltr'>celeriter</span> <span class='ocrx_word' id='word_1_164' title='bbox 1149 1515 1198 1556; x_wconf 93' lang='lat' dir='ltr'>de</span> <span class='ocrx_word' id='word_1_165' title='bbox 1242 1514 1420 1555; x_wconf 87' lang='lat' dir='ltr'>navibus</span> <span class='ocrx_word' id='word_1_166' title='bbox 1460 1514 1655 1567; x_wconf 89' lang='lat' dir='ltr'>imperat</span> 
     </span>
     <span class='ocr_line' id='line_1_23' title="bbox 304 1561 1654 1656; baseline -0.001 -36"><span class='ocrx_word' id='word_1_167' title='bbox 304 1594 448 1620; x_wconf 89' lang='lat' dir='ltr'>omnes</span> <span class='ocrx_word' id='word_1_168' title='bbox 479 1578 620 1633; x_wconf 84' lang='lat' dir='ltr'>egredi</span> <span class='ocrx_word' id='word_1_169' title='bbox 652 1581 778 1632; x_wconf 90' lang='lat' dir='ltr'>atque</span> <span class='ocrx_word' id='word_1_170' title='bbox 810 1579 854 1619; x_wconf 90' lang='lat' dir='ltr'>in</span> <span class='ocrx_word' id='word_1_171' title='bbox 884 1579 1009 1620; x_wconf 89' lang='lat' dir='ltr'>litore</span> <span class='ocrx_word' id='word_1_172' title='bbox 1042 1581 1225 1620; x_wconf 88' lang='lat' dir='ltr'>armatos</span> <span class='ocrx_word' id='word_1_173' title='bbox 1256 1578 1443 1632; x_wconf 90' lang='lat' dir='ltr'>reliquos</span> <span class='ocrx_word' id='word_1_174' title='bbox 1474 1561 1654 1656; x_wconf 59' lang='lat' dir='ltr'>adveni-¹</span> 
     </span>
     <span class='ocr_line' id='line_1_24' title="bbox 258 1642 1636 1697; baseline 0 -13"><span class='ocrx_word' id='word_1_175' title='bbox 258 1657 265 1666; x_wconf 85' lang='lat'><em>‘</em></span> <span class='ocrx_word' id='word_1_176' title='bbox 303 1647 419 1685; x_wconf 89' lang='lat' dir='ltr'>entes</span> <span class='ocrx_word' id='word_1_177' title='bbox 456 1642 613 1683; x_wconf 87' lang='lat' dir='ltr'>milites</span> <span class='ocrx_word' id='word_1_178' title='bbox 651 1645 904 1696; x_wconf 77' lang='lat' dir='ltr'>exspectare.</span> <span class='ocrx_word' id='word_1_179' title='bbox 973 1642 1122 1697; x_wconf 87' lang='lat' dir='ltr'>Itaque</span> <span class='ocrx_word' id='word_1_180' title='bbox 1167 1643 1257 1684; x_wconf 90' lang='lat' dir='ltr'>sine</span> <span class='ocrx_word' id='word_1_181' title='bbox 1300 1657 1418 1683; x_wconf 91' lang='lat' dir='ltr'>mora</span> <span class='ocrx_word' id='word_1_182' title='bbox 1460 1642 1636 1684; x_wconf 86' lang='lat' dir='ltr'>navibus</span> 
     </span>
     <span class='ocr_line' id='line_1_25' title="bbox 302 1707 1651 1761; baseline -0.001 -12"><span class='ocrx_word' id='word_1_183' title='bbox 302 1709 362 1749; x_wconf 92' lang='lat' dir='ltr'>eis</span> <span class='ocrx_word' id='word_1_184' title='bbox 394 1708 438 1748; x_wconf 89' lang='lat' dir='ltr'>in</span> <span class='ocrx_word' id='word_1_185' title='bbox 468 1709 639 1761; x_wconf 90' lang='lat' dir='ltr'>portum</span> <span class='ocrx_word' id='word_1_186' title='bbox 668 1707 848 1761; x_wconf 86' lang='lat' dir='ltr'>receptis</span> <span class='ocrx_word' id='word_1_187' title='bbox 875 1710 916 1748; x_wconf 92' lang='lat' dir='ltr'>et</span> <span class='ocrx_word' id='word_1_188' title='bbox 942 1708 1126 1749; x_wconf 83' lang='lat' dir='ltr'>advectis</span> <span class='ocrx_word' id='word_1_189' title='bbox 1152 1707 1338 1748; x_wconf 90' lang='lat' dir='ltr'>militum</span> <span class='ocrx_word' id='word_1_190' title='bbox 1364 1707 1651 1761; x_wconf 90' lang='lat' dir='ltr'>equitumque</span> 
     </span>
     <span class='ocr_line' id='line_1_26' title="bbox 302 1771 1650 1827; baseline -0.001 -13"><span class='ocrx_word' id='word_1_191' title='bbox 302 1773 434 1827; x_wconf 90' lang='lat' dir='ltr'>copiis</span> <span class='ocrx_word' id='word_1_192' title='bbox 472 1786 617 1812; x_wconf 89' lang='lat' dir='ltr'>rursus</span> <span class='ocrx_word' id='word_1_193' title='bbox 657 1772 709 1812; x_wconf 90' lang='lat' dir='ltr'>ad</span> <span class='ocrx_word' id='word_1_194' title='bbox 747 1772 951 1826; x_wconf 89' lang='lat' dir='ltr'>oppidum</span> <span class='ocrx_word' id='word_1_195' title='bbox 988 1772 1225 1826; x_wconf 82' lang='lat' dir='ltr'>Ruspinam</span> <span class='ocrx_word' id='word_1_196' title='bbox 1268 1771 1378 1812; x_wconf 91' lang='lat' dir='ltr'>redit</span> <span class='ocrx_word' id='word_1_197' title='bbox 1418 1774 1544 1825; x_wconf 88' lang='lat' dir='ltr'>atque</span> <span class='ocrx_word' id='word_1_198' title='bbox 1580 1771 1650 1812; x_wconf 88' lang='lat' dir='ltr'>ibi</span> 
     </span>
     <span class='ocr_line' id='line_1_27' title="bbox 302 1836 1638 1890; baseline -0.001 -12"><span class='ocrx_word' id='word_1_199' title='bbox 302 1838 450 1879; x_wconf 86' lang='lat' dir='ltr'>castris</span> <span class='ocrx_word' id='word_1_200' title='bbox 483 1836 727 1877; x_wconf 85' lang='lat' dir='ltr'>constitutis</span> <span class='ocrx_word' id='word_1_201' title='bbox 760 1837 849 1889; x_wconf 87' lang='lat' dir='ltr'>ipse</span> <span class='ocrx_word' id='word_1_202' title='bbox 889 1851 983 1877; x_wconf 88' lang='lat' dir='ltr'>cum</span> <span class='ocrx_word' id='word_1_203' title='bbox 1023 1836 1269 1877; x_wconf 85' lang='lat' dir='ltr'>cohortibus</span> <span class='ocrx_word' id='word_1_204' title='bbox 1307 1836 1513 1890; x_wconf 85' lang='lat' dir='ltr'>expeditis</span> <span class='ocrx_word' id='word_1_205' title='bbox 1545 1847 1638 1876; x_wconf 83' lang='lat' dir='ltr'>XXX</span> 
     </span>
     <span class='ocr_line' id='line_1_28' title="bbox 302 1898 1636 1954; baseline -0.001 -13"><span class='ocrx_word' id='word_1_206' title='bbox 302 1901 607 1942; x_wconf 88' lang='lat' dir='ltr'>frumentatum</span> <span class='ocrx_word' id='word_1_207' title='bbox 640 1902 704 1940; x_wconf 92' lang='lat' dir='ltr'>est</span> <span class='ocrx_word' id='word_1_208' title='bbox 735 1900 961 1953; x_wconf 87' lang='lat' dir='ltr'>profectus.</span> <span class='ocrx_word' id='word_1_209' title='bbox 1022 1900 1091 1941; x_wconf 81' lang='lat' dir='ltr'>Ex</span> <span class='ocrx_word' id='word_1_210' title='bbox 1123 1915 1172 1941; x_wconf 95' lang='lat' dir='ltr'>eo</span> <span class='ocrx_word' id='word_1_211' title='bbox 1205 1902 1268 1941; x_wconf 89' lang='lat' dir='ltr'>est</span> <span class='ocrx_word' id='word_1_212' title='bbox 1300 1900 1517 1954; x_wconf 90' lang='lat' dir='ltr'>cognitum</span> <span class='ocrx_word' id='word_1_213' title='bbox 1544 1898 1636 1941; x_wconf 84' lang='lat' dir='ltr'>Cae-</span> 
     </span>
     <span class='ocr_line' id='line_1_29' title="bbox 302 1963 1639 2017; baseline -0.001 -11"><span class='ocrx_word' id='word_1_214' title='bbox 302 1966 408 2006; x_wconf 90' lang='lat' dir='ltr'>saris</span> <span class='ocrx_word' id='word_1_215' title='bbox 447 1963 687 2017; x_wconf 88' lang='lat' dir='ltr'>consilium,</span> <span class='ocrx_word' id='word_1_216' title='bbox 732 1963 853 2004; x_wconf 90' lang='lat' dir='ltr'>illum</span> <span class='ocrx_word' id='word_1_217' title='bbox 898 1980 992 2005; x_wconf 90' lang='lat' dir='ltr'>cum</span> <span class='ocrx_word' id='word_1_218' title='bbox 1037 1964 1170 2005; x_wconf 85' lang='lat' dir='ltr'>classe</span> <span class='ocrx_word' id='word_1_219' title='bbox 1210 1964 1388 2005; x_wconf 86' lang='lat' dir='ltr'>navibus</span> <span class='ocrx_word' id='word_1_220' title='bbox 1427 1963 1639 2017; x_wconf 80' lang='lat' dir='ltr'>onerariis,</span> 
     </span>
     <span class='ocr_line' id='line_1_30' title="bbox 303 2027 1649 2084; baseline -0.001 -14"><span class='ocrx_word' id='word_1_221' title='bbox 303 2043 408 2084; x_wconf 88' lang='lat' dir='ltr'>quae</span> <span class='ocrx_word' id='word_1_222' title='bbox 444 2028 724 2080; x_wconf 88' lang='lat' dir='ltr'>deerrassent,</span> <span class='ocrx_word' id='word_1_223' title='bbox 762 2028 950 2070; x_wconf 86' lang='lat' dir='ltr'>subsidio</span> <span class='ocrx_word' id='word_1_224' title='bbox 989 2030 1048 2069; x_wconf 87' lang='lat' dir='ltr'>ire</span> <span class='ocrx_word' id='word_1_225' title='bbox 1081 2028 1187 2069; x_wconf 89' lang='lat' dir='ltr'>clam</span> <span class='ocrx_word' id='word_1_226' title='bbox 1220 2028 1415 2069; x_wconf 87' lang='lat' dir='ltr'>hostibus</span> <span class='ocrx_word' id='word_1_227' title='bbox 1445 2027 1649 2081; x_wconf 84' lang='lat' dir='ltr'>voluisse,</span> 
     </span>
     <span class='ocr_line' id='line_1_31' title="bbox 301 2091 1649 2145; baseline -0.001 -10"><span class='ocrx_word' id='word_1_228' title='bbox 301 2109 353 2135; x_wconf 91' lang='lat' dir='ltr'>ne</span> <span class='ocrx_word' id='word_1_229' title='bbox 399 2107 497 2134; x_wconf 89' lang='lat' dir='ltr'>casu</span> <span class='ocrx_word' id='word_1_230' title='bbox 541 2092 830 2145; x_wconf 88' lang='lat' dir='ltr'>imprudentes</span> <span class='ocrx_word' id='word_1_231' title='bbox 875 2107 973 2133; x_wconf 86' lang='lat' dir='ltr'>suae</span> <span class='ocrx_word' id='word_1_232' title='bbox 1017 2106 1144 2133; x_wconf 83' lang='lat' dir='ltr'>naves</span> <span class='ocrx_word' id='word_1_233' title='bbox 1188 2092 1231 2132; x_wconf 89' lang='lat' dir='ltr'>in</span> <span class='ocrx_word' id='word_1_234' title='bbox 1275 2091 1451 2132; x_wconf 87' lang='lat' dir='ltr'>classem</span> <span class='ocrx_word' id='word_1_235' title='bbox 1500 2091 1649 2133; x_wconf 86' lang='lat' dir='ltr'>adver-</span> 
     </span>
     <span class='ocr_line' id='line_1_32' title="bbox 304 2155 1648 2210; baseline -0.001 -13"><span class='ocrx_word' id='word_1_236' title='bbox 304 2157 512 2198; x_wconf 87' lang='lat' dir='ltr'>sariorum</span> <span class='ocrx_word' id='word_1_237' title='bbox 544 2156 787 2209; x_wconf 86' lang='lat' dir='ltr'>inciderent,</span> <span class='ocrx_word' id='word_1_238' title='bbox 818 2171 952 2210; x_wconf 91' lang='lat' dir='ltr'>neque</span> <span class='ocrx_word' id='word_1_239' title='bbox 986 2171 1078 2197; x_wconf 88' lang='lat' dir='ltr'>eam</span> <span class='ocrx_word' id='word_1_240' title='bbox 1103 2170 1191 2196; x_wconf 87' lang='lat' dir='ltr'>rem</span> <span class='ocrx_word' id='word_1_241' title='bbox 1218 2170 1288 2196; x_wconf 89' lang='lat' dir='ltr'>eos</span> <span class='ocrx_word' id='word_1_242' title='bbox 1314 2155 1496 2196; x_wconf 84' lang='lat' dir='ltr'>voluisse</span> <span class='ocrx_word' id='word_1_243' title='bbox 1523 2156 1648 2208; x_wconf 84' lang='lat' dir='ltr'>scire,</span> 
     </span>
     <span class='ocr_line' id='line_1_33' title="bbox 306 2220 1641 2276; baseline 0.001 -14"><span class='ocrx_word' id='word_1_244' title='bbox 306 2222 377 2276; x_wconf 88' lang='lat' dir='ltr'>qui</span> <span class='ocrx_word' id='word_1_245' title='bbox 410 2222 453 2262; x_wconf 92' lang='lat' dir='ltr'>in</span> <span class='ocrx_word' id='word_1_246' title='bbox 484 2221 705 2274; x_wconf 88' lang='lat' dir='ltr'>praesidiis</span> <span class='ocrx_word' id='word_1_247' title='bbox 734 2221 869 2262; x_wconf 88' lang='lat' dir='ltr'>relicti</span> <span class='ocrx_word' id='word_1_248' title='bbox 898 2221 962 2261; x_wconf 90' lang='lat' dir='ltr'>sui</span> <span class='ocrx_word' id='word_1_249' title='bbox 988 2220 1144 2261; x_wconf 85' lang='lat' dir='ltr'>milites</span> <span class='ocrx_word' id='word_1_250' title='bbox 1170 2220 1361 2273; x_wconf 82' lang='lat' dir='ltr'>fuissent,</span> <span class='ocrx_word' id='word_1_251' title='bbox 1392 2234 1444 2261; x_wconf 91' lang='lat' dir='ltr'>ne</span> <span class='ocrx_word' id='word_1_252' title='bbox 1468 2221 1641 2273; x_wconf 73' lang='lat' dir='ltr'>propter·</span> 
     </span>
     <span class='ocr_line' id='line_1_34' title="bbox 305 2282 1634 2339; baseline -0.001 -14"><span class='ocrx_word' id='word_1_253' title='bbox 305 2300 478 2326; x_wconf 88' lang='lat' dir='ltr'>suorum</span> <span class='ocrx_word' id='word_1_254' title='bbox 509 2285 768 2339; x_wconf 87' lang='lat' dir='ltr'>paucitatem</span> <span class='ocrx_word' id='word_1_255' title='bbox 801 2287 842 2326; x_wconf 91' lang='lat' dir='ltr'>et</span> <span class='ocrx_word' id='word_1_256' title='bbox 873 2284 1061 2326; x_wconf 88' lang='lat' dir='ltr'>hostium</span> <span class='ocrx_word' id='word_1_257' title='bbox 1093 2283 1410 2325; x_wconf 88' lang='lat' dir='ltr'>multitudinem</span> <span class='ocrx_word' id='word_1_258' title='bbox 1434 2286 1550 2324; x_wconf 93' lang='lat' dir='ltr'>metu</span> <span class='ocrx_word' id='word_1_259' title='bbox 1574 2282 1634 2324; x_wconf 90' lang='lat' dir='ltr'>de-</span> 
     </span>
     <span class='ocr_line' id='line_1_35' title="bbox 304 2350 487 2391; baseline 0.005 -2"><span class='ocrx_word' id='word_1_260' title='bbox 304 2350 487 2391; x_wconf 83' lang='lat' dir='ltr'>ficerent.</span> 
     </span>
    </p>
   </div>
   <div class='ocr_carea' id='block_1_3' title="bbox 1647 528 1669 1594">
    <p class='ocr_par' dir='ltr' id='par_1_4' title="bbox 1647 528 1669 1594">
     <span class='ocr_line' id='line_1_36' title="bbox 1653 528 1669 780; baseline 0 0"><span class='ocrx_word' id='word_1_261' title='bbox 1653 528 1669 780; x_wconf 95' lang='lat' dir='ltr'>    </span> 
     </span>
     <span class='ocr_line' id='line_1_37' title="bbox 1653 780 1669 955; baseline 0 0"><span class='ocrx_word' id='word_1_262' title='bbox 1653 780 1669 955; x_wconf 95' lang='lat' dir='ltr'>  </span> 
     </span>
     <span class='ocr_line' id='line_1_38' title="bbox 1649 955 1669 1149; baseline 0 0"><span class='ocrx_word' id='word_1_263' title='bbox 1649 955 1669 1149; x_wconf 95' lang='lat' dir='ltr'>   </span> 
     </span>
     <span class='ocr_line' id='line_1_39' title="bbox 1647 1149 1669 1423; baseline 0 -130"><span class='ocrx_word' id='word_1_264' title='bbox 1647 1149 1669 1423; x_wconf 95' lang='lat' dir='ltr'>    </span> 
     </span>
     <span class='ocr_line' id='line_1_40' title="bbox 1656 1423 1669 1594; baseline 0 -120"><span class='ocrx_word' id='word_1_265' title='bbox 1656 1423 1669 1594; x_wconf 95' lang='lat' dir='ltr'>   </span> 
     </span>
    </p>
   </div>
   <div class='ocr_carea' id='block_1_4' title="bbox 1638 1594 1669 2236">
    <p class='ocr_par' dir='ltr' id='par_1_5' title="bbox 1638 1594 1669 2236">
     <span class='ocr_line' id='line_1_41' title="bbox 1641 1594 1669 1703; baseline 0 0"><span class='ocrx_word' id='word_1_266' title='bbox 1641 1594 1650 1703; x_wconf 95' lang='lat' dir='ltr'> </span> <span class='ocrx_word' id='word_1_267' title='bbox 1654 1594 1669 1703; x_wconf 95' lang='lat' dir='ltr'> </span> 
     </span>
     <span class='ocr_line' id='line_1_42' title="bbox 1638 1703 1669 2236; baseline 0 0"><span class='ocrx_word' id='word_1_268' title='bbox 1638 1703 1669 2236; x_wconf 95' lang='lat' dir='ltr'>   </span> 
     </span>
    </p>
   </div>
  </div>
 </body>
</html>
