1669 2574
290 100 341 140 78
731 99 926 132 BELLUM
950 99 1172 134 AFRICUM.

240 206 261 235 4
287 197 329 235 et
366 195 455 235 sine
492 193 679 248 periculo
723 193 853 234 fieret.
920 192 1070 234 Voluit
1113 194 1240 235 etiam
1284 195 1481 248 experiri,
1524 209 1623 236 cum·

287 258 460 312 propius
492 258 658 298 hostem
691 257 951 311 accessisset,
988 257 1214 300 haberetne
1251 259 1295 300 in
1330 259 1469 299 animo
1502 258 1619 300 dimi-

242 334 260 362 ῦ
288 337 390 363 care.
457 321 695 362 Accedebat
731 322 858 363 etiam
899 322 951 362 ad
993 322 1176 376 reliquas
1221 337 1384 377 causas,
1430 323 1542 376 quod
1583 323 1619 364 is

286 386 404 427 locus
437 386 657 440 depressus
689 388 778 427 erat
807 386 1008 440 puteique
1040 386 1100 427 ibi
1133 386 1361 441 [nonnulli]
1387 386 1480 427 fieri
1511 401 1620 427 com-

286 450 427 504 plures
458 452 670 504 poterant:
703 450 926 504 aquatione
959 450 1072 491 enim
1103 450 1231 505 longa
1262 453 1304 492 et
1329 452 1508 505 angusta
1532 453 1620 492 ute-

242 524 260 554 6
287 515 421 555 batur.
488 514 602 555 Dum
645 513 748 556 haec
791 529 934 569 opera,
978 529 1083 568 quae
1122 517 1217 556 ante
1256 515 1360 569 dixi,
1402 515 1562 556 fiebant
1597 529 1624 555 a

242 782 258 812 1

286 577 543 632 legionibus,
580 578 750 619 interim
786 593 884 632 pars
922 579 1009 619 acie
1041 580 1137 620 ante
1169 593 1274 633 opus
1306 580 1512 620 instructa
1542 579 1622 620 sub

286 641 409 683 hoste
435 642 591 697 stabat,
617 642 779 696 equites
804 643 972 684 barbari
997 643 1186 697 levisque
1213 645 1426 684 armatura
1448 643 1622 697 proeliis

286 706 462 747 minutis
494 706 730 748 comminus
762 707 1027 748 dimicabant.

374 769 463 812 LII.
526 769 677 812 Caesar
714 771 765 812 ab
804 786 851 813 eo
891 787 1014 827 opere
1047 787 1142 813 cum
1175 772 1258 813 iam
1289 772 1367 814 sub
1398 787 1621 827 vesperum

288 836 430 889 copias
462 836 505 877 in
538 838 674 876 castra
710 836 943 890 reduceret,
979 850 1133 891 magno
1172 837 1342 878 incursu
1380 852 1475 878 cum
1507 837 1622 879 omni

287 900 479 954 equitatu
514 899 680 954 levique
720 902 932 941 armatura
968 899 1090 955 Iuba,
1135 900 1294 955 Scipio,
1330 900 1541 942 Labienus
1578 901 1622 942 in

241 975 261 1005 2
287 963 541 1018 legionarios
579 963 785 1017 impetum
821 964 1021 1005 fecerunt.
1088 964 1267 1019 Equites
1307 964 1543 1007 Caesariani
1579 966 1622 1007 vi

287 1028 506 1069 universae
549 1027 796 1081 subitaeque
838 1027 1027 1069 hostium
1070 1029 1356 1070 multitudinis
1398 1029 1512 1084 pulsi
1552 1044 1623 1084 pa-

242 1103 261 1133 3
288 1108 459 1147 rumper
490 1095 714 1134 cesserunt.
778 1092 892 1141 Quae
923 1107 990 1133 res
1022 1092 1145 1134 aliter
1176 1094 1424 1135 adversariis
1456 1094 1622 1136 cecidit:

288 1173 469 1212 namque
502 1156 653 1198 Caesar
690 1171 742 1199 ex
777 1157 915 1198 medio
947 1156 1097 1198 itinere
1130 1158 1261 1211 copiis
1293 1159 1477 1200 reductis
1509 1158 1621 1213 equi-

287 1222 403 1263 tibus
434 1222 522 1262 suis
554 1220 759 1262 auxilium
784 1220 900 1275 tulit,
932 1222 1094 1275 equites
1121 1224 1262 1262 autem
1288 1222 1469 1263 adventu
1494 1222 1622 1276 legio-

287 1301 389 1328 num
422 1286 560 1327 animo
593 1285 735 1326 addito
769 1286 979 1326 conversis
1012 1285 1130 1339 equis
1163 1285 1207 1326 in
1235 1284 1441 1327 Numidas
1474 1285 1623 1339 cupide

287 1351 555 1405 insequentes
593 1350 887 1404 dispersosque
924 1349 1131 1403 impetum
1168 1348 1358 1390 fecerunt
1395 1352 1520 1404 atque
1552 1364 1623 1391 eos

289 1414 610 1457 convulneratos
631 1429 763 1468 usque
783 1414 827 1455 in
848 1415 984 1455 castra
1008 1413 1125 1468 regia
1149 1413 1424 1468 reppulerunt
1448 1414 1622 1455 multos-

242 1490 263 1520 4
291 1493 371 1533 que
402 1493 453 1520 ex
482 1478 550 1520 his
582 1478 893 1519 interfecerunt.
957 1476 1078 1526 Quod
1108 1478 1191 1518 nisi
1222 1478 1266 1519 in
1302 1480 1469 1519 noctem
1505 1492 1622 1532 proe-

243 1748 261 1777 5

287 1543 392 1584 lium
431 1545 542 1584 esset
581 1543 816 1584 coniectum
852 1541 1075 1597 pulvisque
1112 1545 1238 1584 vento
1267 1542 1401 1584 elatus
1434 1543 1623 1584 omnium

287 1606 531 1661 prospectui
562 1606 784 1660 offecisset,
814 1604 920 1647 Iuba
952 1621 1047 1648 cum
1077 1607 1263 1648 Labieno
1297 1607 1408 1661 capti
1439 1607 1483 1648 in
1507 1609 1624 1661 pote-

289 1673 442 1712 statem
469 1669 657 1711 Caesaris
682 1670 907 1725 venissent,
941 1671 1238 1726 equitatusque
1265 1686 1359 1713 cum
1384 1671 1467 1712 levi
1493 1686 1623 1712 arma-

288 1739 384 1777 tura
413 1735 604 1776 funditus
631 1735 683 1776 ad
714 1735 1041 1776 internecionem
1074 1736 1236 1777 deletus
1268 1738 1388 1777 esset.
1448 1734 1623 1777 Interim

288 1800 590 1841 incredibiliter
637 1814 687 1841 ex
736 1799 902 1854 legione
945 1812 994 1841 IV
1037 1802 1078 1841 et
1120 1812 1169 1841 VI
1213 1799 1422 1855 Scipionis
1466 1800 1624 1841 milites

289 1865 491 1918 diffugere
528 1864 684 1918 partim
722 1864 766 1905 in
804 1867 941 1905 castra
980 1863 1187 1919 Caesaris,
1227 1865 1401 1919 partim,
1438 1864 1482 1905 in
1520 1879 1624 1919 quas

290 1929 466 1983 quisque
502 1931 670 1982 poterat
706 1928 918 1983 regiones,
957 1929 1193 1984 pervenire3
1237 1930 1423 1983 itemque
1461 1928 1624 1982 equites

290 1991 460 2033 Curiani
504 1992 632 2033 diffisi
675 1990 862 2046 Scipioni
907 1993 1080 2046 eiusque
1124 1993 1256 2048 copiis
1300 1992 1537 2046 complures
1580 2006 1624 2033 se

289 2057 434 2098 eodem
467 2056 745 2098 conferebant.

374 2120 486 2162 LIII.
546 2120 660 2162 Dum
696 2121 799 2162 haec
837 2121 995 2162 circum
1025 2120 1195 2163 Uzitam
1234 2121 1284 2162 ab
1322 2120 1514 2174 utrisque
1552 2120 1623 2161 du·
1662 2125 1669 2158 1

289 2186 407 2227 cibus
445 2186 809 2239 administrantur,
847 2185 1036 2240 legiones
1075 2185 1198 2239 duae,
1236 2196 1268 2225 X
1298 2186 1339 2225 et
1370 2195 1436 2238 IX,
1473 2198 1524 2225 ex
1563 2182 1624 2224 Si·
1647 2181 1669 2241 ᾖ

289 2251 384 2292 cilia
414 2251 592 2292 navibus
625 2250 826 2291 onerariis
858 2249 1089 2304 profectae,
1127 2264 1222 2290 cum
1256 2249 1337 2289 iam
1377 2262 1461 2289 non
1498 2248 1623 2302 longe

289 2330 312 2355 a
361 2317 487 2369 portu
536 2314 750 2369 Ruspinae
803 2314 1013 2368 abessent,
1071 2314 1300 2368 conspicati
1350 2327 1476 2353 naves
1527 2311 1622 2352 Cae-

1647 2398 1669 2574 l.
