1669 2574
170 232 188 262 ’ἵ

170 426 189 455 8

170 556 188 583 9

220 125 302 165 126
611 124 804 158 BELLUM
830 123 1159 158 HISPANIENSE.

214 220 309 274 Hic,
329 223 377 261 ut
396 221 455 261 ait
473 220 651 273 Ennius,
670 234 755 273 pes
778 219 899 273 pede
926 220 1190 274 premitur,
1210 220 1362 262 armis
1382 223 1555 262 terun-

216 289 298 327 tur
340 299 489 338 arma,
528 284 874 338 adversariosque
911 285 1278 326 vehementissime
1316 288 1554 340 pugnantes

216 350 351 391 nostri
384 362 506 403 agere
538 351 784 403 coeperunt,
817 349 970 404 quibus
1003 351 1206 404 oppidum
1237 351 1320 392 fuit
1351 351 1553 392 subsidio.

217 414 283 455 Ita
315 414 419 467 ipsis
449 413 718 455 Liberalibus
748 415 834 455 fusi
865 415 1087 469 fugatique
1118 430 1202 456 non
1238 415 1558 470 superfuissent,

217 479 298 519 nisi
331 479 374 518 in
406 493 502 519 eum
533 478 674 520 locum
707 479 1011 533 confugissent,
1042 494 1093 520 ex
1125 494 1208 533 quo
1241 483 1360 521 erant
1387 481 1556 535 egressi.

216 543 266 584 In
299 557 382 597 quo
414 543 577 596 proelio
611 544 851 585 ceciderunt
881 543 1000 584 milia
1023 543 1244 585 hominum
1271 545 1438 587 circiter
1462 557 1558 586 XXX

217 612 259 649 et
291 608 327 649 si
360 608 461 662 quid
494 608 693 662 amplius,
725 611 943 662 praeterea
973 607 1198 662 Labienus,
1228 608 1374 651 Attius
1406 609 1559 663 Varus,

217 673 373 727 quibus
423 673 573 714 occisis
624 673 816 727 utrisque
865 673 994 714 funus
1038 675 1103 714 est
1145 673 1323 728 factum,
1373 675 1558 729 itemque

216 738 380 791 equites
418 738 599 779 Romani
637 738 793 791 partim
833 753 883 779 ex
921 738 1024 779 urbe
1061 738 1218 791 partim
1256 754 1308 779 ex
1342 739 1559 793 provincia

149 813 191 843 10
220 802 271 842 ad
321 802 440 843 milia
482 815 543 843 ΙΙΙ.
613 802 763 844 Nostri
814 803 1039 844 desiderati
1084 802 1136 843 ad
1178 802 1399 844 hominum
1443 803 1559 844 mille

149 879 188 908 11
218 868 374 921 partim
408 867 599 922 equitum
632 868 786 921 partim
824 867 1035 922 peditum3
1073 867 1204 908 saucii
1236 867 1288 908 ad
1319 867 1369 908 D.
1401 866 1559 908 Adver—

172 1076 187 1105 1

216 933 425 973 sariorum
465 932 631 986 aquilae
670 935 770 973 sunt
807 932 972 973 ablatae
1009 944 1092 972 XIII
1126 935 1168 973 et
1199 932 1321 987 signa
1352 935 1395 973 et
1424 932 1560 973 fasces

227 1031 382 1038 ......
395 1014 404 1051 3
440 999 658 1051 praeterea
930 996 1021 1037 Hos
1053 996 1417 1038 habuit

306 1061 482 1103 XXXII.
542 1095 727 1104 .......
771 1078 821 1103 ex
855 1062 958 1117 fuga
987 1061 1067 1103 hac
1099 1062 1172 1116 qui
1205 1062 1407 1116 oppidum
1439 1061 1559 1103 Mun-

219 1128 314 1168 dam
364 1127 446 1169 sibi
491 1127 813 1169 constituissent
856 1127 1130 1182 praesidium,
1177 1127 1397 1182 nostrique
1441 1140 1559 1182 coge-

171 1206 189 1235 2
217 1193 374 1233 bantur
400 1193 635 1233 necessario
662 1207 733 1233 eos
760 1192 1087 1234 circumvallare.
1128 1192 1196 1233 Ex
1220 1192 1411 1233 hostium
1432 1192 1559 1233 armis

215 1260 336 1298 scuta
370 1260 412 1299 et
443 1257 529 1311 pila
560 1273 637 1312 pro
670 1258 846 1311 cespite,
878 1272 954 1311 pro
987 1257 1098 1298 vallo
1137 1257 1340 1299 cadavera
1372 1257 1560 1298 conloca-

215 1323 388 1377 bantur,
434 1323 606 1376 insuper
649 1323 883 1364 occisorum
929 1323 972 1363 in
1011 1322 1248 1377 gladiorum
1287 1322 1560 1363 mucronibus

216 1388 355 1442 capita
392 1387 614 1429 hominum
653 1388 846 1428 ordinata
884 1388 934 1428 ad
973 1388 1175 1442 oppidum
1208 1402 1427 1429 conversa:
1471 1387 1560 1428 uni-

215 1467 337 1493 versa
379 1452 568 1493 hostium
613 1453 809 1493 timorem
853 1486 1037 1493 .......
1080 1452 1336 1506 virtutisque
1377 1452 1562 1506 insignia

216 1517 435 1571 proposita
478 1517 670 1558 viderent
714 1520 755 1558 et
798 1517 908 1558 vallo
951 1517 1382 1558 cireumcluderentur
1420 1517 1561 1558 adver·

170 1596 189 1624 3
217 1582 328 1622 sarii.
390 1580 457 1622 Ita
489 1581 601 1623 Galli
633 1581 814 1638 tragulis
846 1582 1077 1636 iaculisque
1110 1582 1331 1636 oppidum,
1368 1583 1476 1635 quod
1511 1596 1562 1622 ex

179 2307 197 2337 ’ἲ

217 1646 406 1687 hostium
440 1647 713 1688 cadaveribus
747 1649 847 1687 sunt
879 1647 1167 1702 circumplexi,
1200 1662 1446 1703 oppugnare
1472 1660 1561 1688 coe-

218 1715 382 1766 perunt.
432 1711 499 1752 Ex
531 1711 612 1753 11οο
637 1712 798 1765 proelio
825 1711 1023 1753 Valerius
1050 1712 1294 1753 adulescens
1322 1710 1562 1753 Cordubam

219 1792 314 1817 cum
341 1777 487 1830 paucis
507 1777 723 1830 equitibus
743 1777 868 1832 fugit,
895 1776 988 1818 Sex.
1009 1776 1226 1831 Pompeio,
1250 1777 1323 1831 qui
1343 1775 1562 1817 Cordubae

218 1841 382 1895 fuisset,
414 1856 503 1882 rem
536 1845 699 1896 gestam
732 1843 871 1883 refert.
925 1841 1107 1897 Cognito
1133 1842 1214 1883 hoc
1240 1842 1424 1896 negotio,
1457 1855 1563 1895 quos

219 1906 383 1960 equites
428 1921 569 1947 secum
613 1907 781 1961 habuit,
826 1907 939 1961 quod
982 1907 1183 1961 pecuniae
1222 1921 1363 1948 secum
1400 1905 1563 1959 habuit,

220 1971 281 2012 eis
320 1970 539 2011 distribuit
576 1974 618 2011 et
656 1971 878 2025 oppidanis
918 1971 1026 2012 dixit
1069 1987 1112 2012 se
1151 1971 1200 2012 de
1242 1986 1342 2025 pace
1381 1971 1433 2011 ad
1465 1969 1562 2011 Cae-

220 2051 355 2076 sarem
387 2035 599 2089 proficisci
632 2039 674 2076 et
708 2037 891 2077 secunda
915 2035 1064 2090 vigilia
1096 2035 1147 2075 ab
1175 2035 1330 2089 oppido
1358 2034 1563 2076 discessit.

185 2126 192 2141 )
222 2100 293 2142 Cn.
319 2101 548 2155 Pompeius
581 2116 676 2142 011111
708 2101 923 2155 equitibus
955 2100 1100 2155 paucis
1127 2099 1425 2153 nonnullisque
1451 2099 1563 2153 pedi-

222 2167 338 2207 tibus
377 2166 429 2206 ad
467 2166 612 2207 navale
654 2166 911 2220 praesidium
948 2165 1181 2219 parandum
1222 2164 1431 2205 Carteiam
1470 2179 1563 2206 con-

224 2232 372 2285 tendit,
405 2231 517 2285 quod
550 2231 751 2285 oppidum
785 2231 904 2271 abest
937 2245 960 2270 a
986 2229 1182 2270 Corduba
1213 2229 1331 2270 milia
1363 2243 1563 2283 passuum

226 2308 359 2337 CLXX.
440 2295 532 2345 Quo
588 2310 683 2336 cum
740 2295 792 2335 ad
841 2297 1035 2336 octavum
1090 2294 1319 2335 miliarium
1369 2294 1565 2347 venisset,

226 2361 271 2401 P.
318 2360 548 2414 Caucilius,
600 2360 671 2414 qui
722 2360 870 2401 castris
915 2362 1038 2400 antea
1080 2359 1256 2414 Pompei
1299 2359 1566 2414 praepositus

1637 2405 1644 2574 -q——M
1638 2215 1645 2399 N—-v’›
1640 2038 1645 2204 ——.—.—-.-.—
