<?xml version="1.0" encoding="UTF-8"?>
<!DOCTYPE html PUBLIC "-//W3C//DTD XHTML 1.0 Transitional//EN"
    "http://www.w3.org/TR/xhtml1/DTD/xhtml1-transitional.dtd">
<html xmlns="http://www.w3.org/1999/xhtml" xml:lang="en" lang="en">
 <head>
  <title>
</title>
<meta http-equiv="Content-Type" content="text/html;charset=utf-8" />
  <meta name='ocr-system' content='tesseract 3.04.00' />
  <meta name='ocr-capabilities' content='ocr_page ocr_carea ocr_par ocr_line ocrx_word'/>
</head>
<body>
  <div class='ocr_page' id='page_1' title='image "./commentarii03caesuoft_0124.png"; bbox 0 0 1669 2574; ppageno 0'>
   <div class='ocr_carea' id='block_1_1' title="bbox 290 83 1172 128">
    <p class='ocr_par' dir='ltr' id='par_1_1' title="bbox 290 83 1172 128">
     <span class='ocr_line' id='line_1_1' title="bbox 290 83 1172 128; baseline -0.002 -8"><span class='ocrx_word' id='word_1_1' title='bbox 290 87 344 128; x_wconf 79' lang='grc'>76</span> <span class='ocrx_word' id='word_1_2' title='bbox 732 85 926 119; x_wconf 89' lang='lat' dir='ltr'>BELLUM</span> <span class='ocrx_word' id='word_1_3' title='bbox 950 83 1172 119; x_wconf 80' lang='lat' dir='ltr'>AFRICUM.</span> 
     </span>
    </p>
   </div>
   <div class='ocr_carea' id='block_1_2' title="bbox 288 178 1629 1326">
    <p class='ocr_par' dir='ltr' id='par_1_2' title="bbox 288 178 1629 1326">
     <span class='ocr_line' id='line_1_2' title="bbox 288 178 1620 234; baseline -0.002 -11"><span class='ocrx_word' id='word_1_4' title='bbox 288 183 413 223; x_wconf 89' lang='lat' dir='ltr'>nibus</span> <span class='ocrx_word' id='word_1_5' title='bbox 444 181 741 234; x_wconf 71' lang='lat' dir='ltr'>equitibusque</span> <span class='ocrx_word' id='word_1_6' title='bbox 771 179 947 220; x_wconf 74' lang='lat' dir='ltr'><strong>frenatis</strong></span> <span class='ocrx_word' id='word_1_7' title='bbox 977 190 1108 233; x_wconf 83' lang='lat' dir='ltr'>DCCC,</span> <span class='ocrx_word' id='word_1_8' title='bbox 1141 178 1339 221; x_wconf 87' lang='lat' dir='ltr'>Numidis</span> <span class='ocrx_word' id='word_1_9' title='bbox 1371 179 1460 220; x_wconf 89' lang='lat' dir='ltr'>sine</span> <span class='ocrx_word' id='word_1_10' title='bbox 1489 178 1620 220; x_wconf 82' lang='lat' dir='ltr'>frenis</span> 
     </span>
     <span class='ocr_line' id='line_1_3' title="bbox 289 242 1620 300; baseline -0.001 -15"><span class='ocrx_word' id='word_1_11' title='bbox 289 245 586 300; x_wconf 70' lang='lat' dir='ltr'>peditibusque</span> <span class='ocrx_word' id='word_1_12' title='bbox 608 243 714 285; x_wconf 83' lang='lat' dir='ltr'>levis</span> <span class='ocrx_word' id='word_1_13' title='bbox 741 246 975 284; x_wconf 87' lang='lat' dir='ltr'>armaturae</span> <span class='ocrx_word' id='word_1_14' title='bbox 1001 243 1151 298; x_wconf 82' lang='lat' dir='ltr'>grandi</span> <span class='ocrx_word' id='word_1_15' title='bbox 1174 257 1361 297; x_wconf 90' lang='lat' dir='ltr'>numero,</span> <span class='ocrx_word' id='word_1_16' title='bbox 1387 242 1620 296; x_wconf 87' lang='lat' dir='ltr'>elephantis</span> 
     </span>
     <span class='ocr_line' id='line_1_4' title="bbox 288 306 1622 363; baseline -0.002 -13"><span class='ocrx_word' id='word_1_17' title='bbox 288 321 385 350; x_wconf 85' lang='lat' dir='ltr'>XXX</span> <span class='ocrx_word' id='word_1_18' title='bbox 427 322 620 363; x_wconf 79' lang='lat' dir='ltr'>egressus</span> <span class='ocrx_word' id='word_1_19' title='bbox 665 322 686 349; x_wconf 92' lang='lat' dir='ltr'>e</span> <span class='ocrx_word' id='word_1_20' title='bbox 729 321 859 363; x_wconf 79' lang='lat' dir='ltr'>regno</span> <span class='ocrx_word' id='word_1_21' title='bbox 903 307 954 348; x_wconf 85' lang='lat' dir='ltr'>ad</span> <span class='ocrx_word' id='word_1_22' title='bbox 999 306 1238 361; x_wconf 81' lang='lat' dir='ltr'>Scipionem</span> <span class='ocrx_word' id='word_1_23' title='bbox 1287 310 1352 348; x_wconf 89' lang='lat' dir='ltr'>est</span> <span class='ocrx_word' id='word_1_24' title='bbox 1395 306 1622 361; x_wconf 86' lang='lat' dir='ltr'>profectus.</span> 
     </span>
     <span class='ocr_line' id='line_1_5' title="bbox 290 371 1620 427; baseline -0.002 -13"><span class='ocrx_word' id='word_1_25' title='bbox 290 374 521 427; x_wconf 88' lang='lat' dir='ltr'>Postquam</span> <span class='ocrx_word' id='word_1_26' title='bbox 565 372 618 413; x_wconf 88' lang='lat' dir='ltr'>ad</span> <span class='ocrx_word' id='word_1_27' title='bbox 660 386 756 414; x_wconf 91' lang='lat' dir='ltr'>eum</span> <span class='ocrx_word' id='word_1_28' title='bbox 798 372 1010 427; x_wconf 85' lang='lat' dir='ltr'>pervenit,</span> <span class='ocrx_word' id='word_1_29' title='bbox 1059 371 1206 412; x_wconf 87' lang='lat' dir='ltr'>castris</span> <span class='ocrx_word' id='word_1_30' title='bbox 1255 371 1383 425; x_wconf 80' lang='lat' dir='ltr'>regiis</span> <span class='ocrx_word' id='word_1_31' title='bbox 1432 385 1620 412; x_wconf 85' lang='lat' dir='ltr'>seorsum</span> 
     </span>
     <span class='ocr_line' id='line_1_6' title="bbox 290 434 1623 491; baseline -0.002 -14"><span class='ocrx_word' id='word_1_32' title='bbox 290 437 441 491; x_wconf 86' lang='lat' dir='ltr'>positis</span> <span class='ocrx_word' id='word_1_33' title='bbox 473 450 567 477; x_wconf 87' lang='lat' dir='ltr'>cum</span> <span class='ocrx_word' id='word_1_34' title='bbox 606 435 666 477; x_wconf 87' lang='lat' dir='ltr'>eis</span> <span class='ocrx_word' id='word_1_35' title='bbox 704 436 852 490; x_wconf 81' lang='lat' dir='ltr'>copiiS,</span> <span class='ocrx_word' id='word_1_36' title='bbox 894 450 997 490; x_wconf 89' lang='lat' dir='ltr'>quas</span> <span class='ocrx_word' id='word_1_37' title='bbox 1036 435 1378 489; x_wconf 85' lang='lat' dir='ltr'>commemoravi,</span> <span class='ocrx_word' id='word_1_38' title='bbox 1413 434 1528 476; x_wconf 87' lang='lat' dir='ltr'>haud</span> <span class='ocrx_word' id='word_1_39' title='bbox 1563 435 1623 476; x_wconf 87' lang='lat' dir='ltr'>ita</span> 
     </span>
     <span class='ocr_line' id='line_1_7' title="bbox 290 498 1625 556; baseline -0.002 -14"><span class='ocrx_word' id='word_1_40' title='bbox 290 501 416 556; x_wconf 81' lang='lat' dir='ltr'>longe</span> <span class='ocrx_word' id='word_1_41' title='bbox 442 501 493 541; x_wconf 90' lang='lat' dir='ltr'>ab</span> <span class='ocrx_word' id='word_1_42' title='bbox 521 499 716 555; x_wconf 82' lang='lat' dir='ltr'>Scipione</span> <span class='ocrx_word' id='word_1_43' title='bbox 742 501 941 542; x_wconf 88' lang='lat' dir='ltr'>consedit.</span> <span class='ocrx_word' id='word_1_44' title='bbox 967 525 1024 529; x_wconf 93' lang='lat'><strong>—</strong></span> <span class='ocrx_word' id='word_1_45' title='bbox 1048 499 1155 540; x_wconf 85' lang='lat' dir='ltr'>Erat</span> <span class='ocrx_word' id='word_1_46' title='bbox 1184 499 1229 540; x_wconf 91' lang='lat' dir='ltr'>in</span> <span class='ocrx_word' id='word_1_47' title='bbox 1260 499 1408 540; x_wconf 89' lang='lat' dir='ltr'>castris</span> <span class='ocrx_word' id='word_1_48' title='bbox 1435 498 1625 540; x_wconf 81' lang='lat' dir='ltr'>Caesaris</span> 
     </span>
     <span class='ocr_line' id='line_1_8' title="bbox 292 563 1625 619; baseline -0.002 -13"><span class='ocrx_word' id='word_1_49' title='bbox 292 565 506 619; x_wconf 85' lang='lat' dir='ltr'>superiore</span> <span class='ocrx_word' id='word_1_50' title='bbox 554 566 743 619; x_wconf 87' lang='lat' dir='ltr'>tempore</span> <span class='ocrx_word' id='word_1_51' title='bbox 793 578 972 619; x_wconf 82' lang='lat' dir='ltr'>magnus</span> <span class='ocrx_word' id='word_1_52' title='bbox 1021 566 1174 618; x_wconf 87' lang='lat' dir='ltr'>terror,</span> <span class='ocrx_word' id='word_1_53' title='bbox 1223 565 1265 604; x_wconf 91' lang='lat' dir='ltr'>et</span> <span class='ocrx_word' id='word_1_54' title='bbox 1313 563 1625 617; x_wconf 70' lang='lat' dir='ltr'>exspectatione</span> 
     </span>
     <span class='ocr_line' id='line_1_9' title="bbox 291 627 1625 684; baseline -0.001 -14"><span class='ocrx_word' id='word_1_55' title='bbox 291 629 507 683; x_wconf 88' lang='lat' dir='ltr'>copiarum</span> <span class='ocrx_word' id='word_1_56' title='bbox 544 629 755 684; x_wconf 83' lang='lat' dir='ltr'>regiarum</span> <span class='ocrx_word' id='word_1_57' title='bbox 796 629 1003 670; x_wconf 81' lang='lat' dir='ltr'>exercitus</span> <span class='ocrx_word' id='word_1_58' title='bbox 1048 628 1137 669; x_wconf 87' lang='lat' dir='ltr'>eius</span> <span class='ocrx_word' id='word_1_59' title='bbox 1179 628 1315 682; x_wconf 82' lang='lat' dir='ltr'>magis</span> <span class='ocrx_word' id='word_1_60' title='bbox 1359 627 1625 682; x_wconf 89' lang='lat' dir='ltr'>suspensiore</span> 
     </span>
     <span class='ocr_line' id='line_1_10' title="bbox 292 692 1626 746; baseline -0.001 -12"><span class='ocrx_word' id='word_1_61' title='bbox 292 694 431 735; x_wconf 87' lang='lat' dir='ltr'>animo</span> <span class='ocrx_word' id='word_1_62' title='bbox 463 696 560 735; x_wconf 88' lang='lat' dir='ltr'>ante</span> <span class='ocrx_word' id='word_1_63' title='bbox 592 694 819 735; x_wconf 82' lang='lat' dir='ltr'>adventum</span> <span class='ocrx_word' id='word_1_64' title='bbox 847 692 977 734; x_wconf 89' lang='lat' dir='ltr'>Iubae</span> <span class='ocrx_word' id='word_1_65' title='bbox 1009 692 1368 746; x_wconf 73' lang='lat' dir='ltr'>commovebatur,</span> <span class='ocrx_word' id='word_1_66' title='bbox 1398 694 1626 746; x_wconf 89' lang='lat' dir='ltr'>postquam</span> 
     </span>
     <span class='ocr_line' id='line_1_11' title="bbox 291 756 1626 811; baseline -0.002 -11"><span class='ocrx_word' id='word_1_67' title='bbox 291 773 389 800; x_wconf 82' lang='lat' dir='ltr'>vero</span> <span class='ocrx_word' id='word_1_68' title='bbox 422 761 559 800; x_wconf 88' lang='lat' dir='ltr'>castra</span> <span class='ocrx_word' id='word_1_69' title='bbox 590 758 738 800; x_wconf 89' lang='lat' dir='ltr'>castris</span> <span class='ocrx_word' id='word_1_70' title='bbox 771 757 967 811; x_wconf 87' lang='lat' dir='ltr'>contulit,</span> <span class='ocrx_word' id='word_1_71' title='bbox 1006 756 1212 811; x_wconf 87' lang='lat' dir='ltr'>despectis</span> <span class='ocrx_word' id='word_1_72' title='bbox 1250 757 1338 798; x_wconf 90' lang='lat' dir='ltr'>eius</span> <span class='ocrx_word' id='word_1_73' title='bbox 1376 756 1507 810; x_wconf 92' lang='lat' dir='ltr'>copiis</span> <span class='ocrx_word' id='word_1_74' title='bbox 1539 770 1626 797; x_wconf 91' lang='lat' dir='ltr'>om—</span> 
     </span>
     <span class='ocr_line' id='line_1_12' title="bbox 291 820 1627 877; baseline -0.002 -13"><span class='ocrx_word' id='word_1_75' title='bbox 291 837 388 864; x_wconf 89' lang='lat' dir='ltr'>nem</span> <span class='ocrx_word' id='word_1_76' title='bbox 407 823 603 864; x_wconf 81' lang='lat' dir='ltr'>timorem</span> <span class='ocrx_word' id='word_1_77' title='bbox 633 822 815 877; x_wconf 91' lang='lat' dir='ltr'>deponit.</span> <span class='ocrx_word' id='word_1_78' title='bbox 861 821 928 863; x_wconf 92' lang='lat' dir='ltr'>Ita</span> <span class='ocrx_word' id='word_1_79' title='bbox 953 836 1079 876; x_wconf 92' lang='lat' dir='ltr'>quam</span> <span class='ocrx_word' id='word_1_80' title='bbox 1105 824 1228 863; x_wconf 86' lang='lat' dir='ltr'>antea</span> <span class='ocrx_word' id='word_1_81' title='bbox 1252 821 1401 862; x_wconf 85' lang='lat' dir='ltr'>absens</span> <span class='ocrx_word' id='word_1_82' title='bbox 1419 820 1627 862; x_wconf 88' lang='lat' dir='ltr'>habuerat</span> 
     </span>
     <span class='ocr_line' id='line_1_13' title="bbox 295 884 1627 941; baseline -0.002 -13"><span class='ocrx_word' id='word_1_83' title='bbox 295 888 605 941; x_wconf 89' lang='lat' dir='ltr'>auctoritatem,</span> <span class='ocrx_word' id='word_1_84' title='bbox 637 902 729 928; x_wconf 85' lang='lat' dir='ltr'>eam</span> <span class='ocrx_word' id='word_1_85' title='bbox 761 901 928 928; x_wconf 90' lang='lat' dir='ltr'>omnem</span> <span class='ocrx_word' id='word_1_86' title='bbox 957 900 1155 940; x_wconf 87' lang='lat' dir='ltr'>praesens</span> <span class='ocrx_word' id='word_1_87' title='bbox 1187 885 1413 926; x_wconf 85' lang='lat' dir='ltr'>dimiserat.</span> <span class='ocrx_word' id='word_1_88' title='bbox 1444 910 1502 914; x_wconf 88' lang='lat'>—-</span> <span class='ocrx_word' id='word_1_89' title='bbox 1533 884 1627 934; x_wconf 84' lang='lat' dir='ltr'>Quo</span> 
     </span>
     <span class='ocr_line' id='line_1_14' title="bbox 292 949 1626 1003; baseline -0.001 -11"><span class='ocrx_word' id='word_1_90' title='bbox 292 952 404 992; x_wconf 85' lang='lat' dir='ltr'>facto</span> <span class='ocrx_word' id='word_1_91' title='bbox 455 952 587 992; x_wconf 84' lang='lat' dir='ltr'>cuivis</span> <span class='ocrx_word' id='word_1_92' title='bbox 636 950 759 991; x_wconf 84' lang='lat' dir='ltr'>facile</span> <span class='ocrx_word' id='word_1_93' title='bbox 806 950 888 991; x_wconf 88' lang='lat' dir='ltr'>fuit</span> <span class='ocrx_word' id='word_1_94' title='bbox 937 950 1154 991; x_wconf 85' lang='lat' dir='ltr'>intellectu</span> <span class='ocrx_word' id='word_1_95' title='bbox 1205 949 1392 1003; x_wconf 86' lang='lat' dir='ltr'>Scipioni</span> <span class='ocrx_word' id='word_1_96' title='bbox 1438 949 1626 991; x_wconf 88' lang='lat' dir='ltr'>additum</span> 
     </span>
     <span class='ocr_line' id='line_1_15' title="bbox 295 1013 1628 1069; baseline -0.001 -13"><span class='ocrx_word' id='word_1_97' title='bbox 295 1016 481 1056; x_wconf 83' lang='lat' dir='ltr'>animum</span> <span class='ocrx_word' id='word_1_98' title='bbox 512 1015 794 1069; x_wconf 88' lang='lat' dir='ltr'>fiduciamque</span> <span class='ocrx_word' id='word_1_99' title='bbox 825 1014 937 1069; x_wconf 83' lang='lat' dir='ltr'>regis</span> <span class='ocrx_word' id='word_1_100' title='bbox 969 1013 1162 1056; x_wconf 84' lang='lat' dir='ltr'>adventu.</span> <span class='ocrx_word' id='word_1_101' title='bbox 1216 1013 1328 1056; x_wconf 88' lang='lat' dir='ltr'>Nam</span> <span class='ocrx_word' id='word_1_102' title='bbox 1358 1017 1528 1069; x_wconf 90' lang='lat' dir='ltr'>postero</span> <span class='ocrx_word' id='word_1_103' title='bbox 1560 1014 1628 1055; x_wconf 88' lang='lat' dir='ltr'>die</span> 
     </span>
     <span class='ocr_line' id='line_1_16' title="bbox 294 1078 1628 1133; baseline 0 -13"><span class='ocrx_word' id='word_1_104' title='bbox 294 1080 510 1120; x_wconf 87' lang='lat' dir='ltr'>universas</span> <span class='ocrx_word' id='word_1_105' title='bbox 542 1093 639 1119; x_wconf 87' lang='lat' dir='ltr'>suas</span> <span class='ocrx_word' id='word_1_106' title='bbox 669 1078 867 1133; x_wconf 83' lang='lat' dir='ltr'>regisque</span> <span class='ocrx_word' id='word_1_107' title='bbox 899 1079 1040 1132; x_wconf 88' lang='lat' dir='ltr'>copias</span> <span class='ocrx_word' id='word_1_108' title='bbox 1069 1093 1164 1120; x_wconf 91' lang='lat' dir='ltr'>cum</span> <span class='ocrx_word' id='word_1_109' title='bbox 1189 1079 1422 1133; x_wconf 82' lang='lat' dir='ltr'>elephantis</span> <span class='ocrx_word' id='word_1_110' title='bbox 1448 1090 1510 1120; x_wconf 86' lang='lat' dir='ltr'>LX</span> <span class='ocrx_word' id='word_1_111' title='bbox 1533 1092 1628 1133; x_wconf 91' lang='lat' dir='ltr'>pro-</span> 
     </span>
     <span class='ocr_line' id='line_1_17' title="bbox 296 1142 1629 1198; baseline -0.001 -13"><span class='ocrx_word' id='word_1_112' title='bbox 296 1144 441 1185; x_wconf 87' lang='lat' dir='ltr'>ductas</span> <span class='ocrx_word' id='word_1_113' title='bbox 473 1143 516 1184; x_wconf 88' lang='lat' dir='ltr'>in</span> <span class='ocrx_word' id='word_1_114' title='bbox 547 1142 696 1197; x_wconf 84' lang='lat' dir='ltr'>aciem,</span> <span class='ocrx_word' id='word_1_115' title='bbox 734 1157 861 1197; x_wconf 85' lang='lat' dir='ltr'>quam</span> <span class='ocrx_word' id='word_1_116' title='bbox 892 1143 1199 1197; x_wconf 86' lang='lat' dir='ltr'>speciosissime</span> <span class='ocrx_word' id='word_1_117' title='bbox 1234 1144 1391 1198; x_wconf 90' lang='lat' dir='ltr'>potuit,</span> <span class='ocrx_word' id='word_1_118' title='bbox 1425 1143 1629 1185; x_wconf 85' lang='lat' dir='ltr'>instruxit</span> 
     </span>
     <span class='ocr_line' id='line_1_18' title="bbox 295 1207 1628 1262; baseline 0 -13"><span class='ocrx_word' id='word_1_119' title='bbox 295 1223 342 1249; x_wconf 89' lang='lat' dir='ltr'>ac</span> <span class='ocrx_word' id='word_1_120' title='bbox 372 1207 497 1262; x_wconf 86' lang='lat' dir='ltr'>paulo</span> <span class='ocrx_word' id='word_1_121' title='bbox 522 1207 693 1262; x_wconf 83' lang='lat' dir='ltr'>longius</span> <span class='ocrx_word' id='word_1_122' title='bbox 717 1220 966 1261; x_wconf 84' lang='lat' dir='ltr'>progressus</span> <span class='ocrx_word' id='word_1_123' title='bbox 992 1207 1044 1248; x_wconf 89' lang='lat' dir='ltr'>ab</span> <span class='ocrx_word' id='word_1_124' title='bbox 1070 1208 1158 1249; x_wconf 84' lang='lat' dir='ltr'>suis</span> <span class='ocrx_word' id='word_1_125' title='bbox 1182 1208 1490 1249; x_wconf 70' lang='lat' dir='ltr'>munitionibus</span> <span class='ocrx_word' id='word_1_126' title='bbox 1514 1207 1628 1249; x_wconf 85' lang='lat' dir='ltr'>haud</span> 
     </span>
     <span class='ocr_line' id='line_1_19' title="bbox 295 1271 1290 1326; baseline -0.001 -12"><span class='ocrx_word' id='word_1_127' title='bbox 295 1273 355 1314; x_wconf 89' lang='lat' dir='ltr'>ita</span> <span class='ocrx_word' id='word_1_128' title='bbox 386 1272 457 1313; x_wconf 90' lang='lat' dir='ltr'>diu</span> <span class='ocrx_word' id='word_1_129' title='bbox 489 1273 773 1313; x_wconf 89' lang='lat' dir='ltr'>commoratus</span> <span class='ocrx_word' id='word_1_130' title='bbox 805 1286 849 1313; x_wconf 89' lang='lat' dir='ltr'>se</span> <span class='ocrx_word' id='word_1_131' title='bbox 879 1272 1039 1326; x_wconf 91' lang='lat' dir='ltr'>recepit</span> <span class='ocrx_word' id='word_1_132' title='bbox 1068 1271 1112 1312; x_wconf 91' lang='lat' dir='ltr'>in</span> <span class='ocrx_word' id='word_1_133' title='bbox 1145 1274 1290 1313; x_wconf 85' lang='lat' dir='ltr'>castra.</span> 
     </span>
    </p>
   </div>
   <div class='ocr_carea' id='block_1_3' title="bbox 294 1334 1669 1907">
    <p class='ocr_par' dir='ltr' id='par_1_3' title="bbox 294 1334 1669 1907">
     <span class='ocr_line' id='line_1_20' title="bbox 381 1334 1629 1390; baseline 0 -13"><span class='ocrx_word' id='word_1_134' title='bbox 381 1334 683 1377; x_wconf 86' lang='lat' dir='ltr'>XXXXVIIII.</span> <span class='ocrx_word' id='word_1_135' title='bbox 753 1334 905 1377; x_wconf 87' lang='lat' dir='ltr'>Caesar</span> <span class='ocrx_word' id='word_1_136' title='bbox 939 1338 1165 1390; x_wconf 89' lang='lat' dir='ltr'>postquam</span> <span class='ocrx_word' id='word_1_137' title='bbox 1203 1336 1500 1377; x_wconf 86' lang='lat' dir='ltr'>animadvertit</span> <span class='ocrx_word' id='word_1_138' title='bbox 1543 1334 1629 1377; x_wconf 90' lang='lat' dir='ltr'>Sci-</span> 
     </span>
     <span class='ocr_line' id='line_1_21' title="bbox 294 1400 1630 1455; baseline 0 -14"><span class='ocrx_word' id='word_1_139' title='bbox 294 1401 411 1455; x_wconf 88' lang='lat' dir='ltr'>pioni</span> <span class='ocrx_word' id='word_1_140' title='bbox 443 1400 599 1441; x_wconf 83' lang='lat' dir='ltr'>auxilia</span> <span class='ocrx_word' id='word_1_141' title='bbox 628 1400 728 1454; x_wconf 87' lang='lat' dir='ltr'>fere,</span> <span class='ocrx_word' id='word_1_142' title='bbox 760 1414 865 1455; x_wconf 86' lang='lat' dir='ltr'>quae</span> <span class='ocrx_word' id='word_1_143' title='bbox 892 1402 1186 1455; x_wconf 79' lang='lat' dir='ltr'>exspectasset,</span> <span class='ocrx_word' id='word_1_144' title='bbox 1219 1400 1359 1441; x_wconf 85' lang='lat' dir='ltr'>omnia</span> <span class='ocrx_word' id='word_1_145' title='bbox 1384 1400 1630 1442; x_wconf 82' lang='lat' dir='ltr'>convenisse</span> 
     </span>
     <span class='ocr_line' id='line_1_22' title="bbox 295 1464 1630 1519; baseline -0.001 -13"><span class='ocrx_word' id='word_1_146' title='bbox 295 1480 431 1519; x_wconf 88' lang='lat' dir='ltr'>neque</span> <span class='ocrx_word' id='word_1_147' title='bbox 451 1479 612 1505; x_wconf 86' lang='lat' dir='ltr'>moram</span> <span class='ocrx_word' id='word_1_148' title='bbox 631 1465 848 1519; x_wconf 84' lang='lat' dir='ltr'>pugnandi</span> <span class='ocrx_word' id='word_1_149' title='bbox 874 1464 1004 1506; x_wconf 81' lang='lat' dir='ltr'>ullam</span> <span class='ocrx_word' id='word_1_150' title='bbox 1029 1464 1131 1519; x_wconf 86' lang='lat' dir='ltr'>fore,</span> <span class='ocrx_word' id='word_1_151' title='bbox 1155 1480 1230 1519; x_wconf 91' lang='lat' dir='ltr'>per</span> <span class='ocrx_word' id='word_1_152' title='bbox 1249 1465 1396 1519; x_wconf 85' lang='lat' dir='ltr'>iugum</span> <span class='ocrx_word' id='word_1_153' title='bbox 1416 1479 1630 1506; x_wconf 89' lang='lat' dir='ltr'>summum</span> 
     </span>
     <span class='ocr_line' id='line_1_23' title="bbox 296 1529 1631 1583; baseline -0.001 -12"><span class='ocrx_word' id='word_1_154' title='bbox 296 1544 392 1571; x_wconf 90' lang='lat' dir='ltr'>cum</span> <span class='ocrx_word' id='word_1_155' title='bbox 424 1529 555 1583; x_wconf 89' lang='lat' dir='ltr'>copiis</span> <span class='ocrx_word' id='word_1_156' title='bbox 586 1529 784 1583; x_wconf 83' lang='lat' dir='ltr'>progredi</span> <span class='ocrx_word' id='word_1_157' title='bbox 817 1529 956 1583; x_wconf 88' lang='lat' dir='ltr'>coepit</span> <span class='ocrx_word' id='word_1_158' title='bbox 988 1531 1029 1571; x_wconf 91' lang='lat' dir='ltr'>et</span> <span class='ocrx_word' id='word_1_159' title='bbox 1059 1529 1231 1570; x_wconf 87' lang='lat' dir='ltr'>brachia</span> <span class='ocrx_word' id='word_1_160' title='bbox 1260 1529 1454 1583; x_wconf 89' lang='lat' dir='ltr'>protinus</span> <span class='ocrx_word' id='word_1_161' title='bbox 1480 1529 1631 1570; x_wconf 88' lang='lat' dir='ltr'>ducere</span> 
     </span>
     <span class='ocr_line' id='line_1_24' title="bbox 296 1592 1630 1648; baseline -0.001 -13"><span class='ocrx_word' id='word_1_162' title='bbox 296 1596 338 1635; x_wconf 90' lang='lat' dir='ltr'>et</span> <span class='ocrx_word' id='word_1_163' title='bbox 369 1593 541 1634; x_wconf 88' lang='lat' dir='ltr'>castella</span> <span class='ocrx_word' id='word_1_164' title='bbox 571 1594 736 1635; x_wconf 89' lang='lat' dir='ltr'>munire</span> <span class='ocrx_word' id='word_1_165' title='bbox 761 1595 1019 1648; x_wconf 88' lang='lat' dir='ltr'>propiusque</span> <span class='ocrx_word' id='word_1_166' title='bbox 1047 1592 1287 1648; x_wconf 89' lang='lat' dir='ltr'>Scipionem</span> <span class='ocrx_word' id='word_1_167' title='bbox 1313 1593 1512 1648; x_wconf 89' lang='lat' dir='ltr'>capiendo</span> <span class='ocrx_word' id='word_1_168' title='bbox 1536 1593 1630 1634; x_wconf 84' lang='lat' dir='ltr'>loca</span> 
     </span>
     <span class='ocr_line' id='line_1_25' title="bbox 296 1657 1632 1713; baseline -0.001 -14"><span class='ocrx_word' id='word_1_169' title='bbox 296 1657 460 1699; x_wconf 82' lang='lat' dir='ltr'>excelsa</span> <span class='ocrx_word' id='word_1_170' title='bbox 491 1672 694 1711; x_wconf 84' lang='lat' dir='ltr'>occupare</span> <span class='ocrx_word' id='word_1_171' title='bbox 727 1658 959 1712; x_wconf 81' lang='lat' dir='ltr'>contendit,</span> <span class='ocrx_word' id='word_1_172' title='bbox 996 1672 1047 1700; x_wconf 77' lang='lat' dir='ltr'>ne</span> <span class='ocrx_word' id='word_1_173' title='bbox 1083 1658 1309 1700; x_wconf 84' lang='lat' dir='ltr'>adversarii</span> <span class='ocrx_word' id='word_1_174' title='bbox 1340 1657 1632 1713; x_wconf 78' lang='lat' dir='ltr'>magnitudine</span> 
     </span>
     <span class='ocr_line' id='line_1_26' title="bbox 297 1722 1630 1777; baseline -0.001 -13"><span class='ocrx_word' id='word_1_175' title='bbox 297 1722 512 1776; x_wconf 85' lang='lat' dir='ltr'>copiarum</span> <span class='ocrx_word' id='word_1_176' title='bbox 551 1723 698 1763; x_wconf 91' lang='lat' dir='ltr'>confisi</span> <span class='ocrx_word' id='word_1_177' title='bbox 735 1723 976 1777; x_wconf 85' lang='lat' dir='ltr'>proximum</span> <span class='ocrx_word' id='word_1_178' title='bbox 1020 1722 1171 1764; x_wconf 89' lang='lat' dir='ltr'>collem</span> <span class='ocrx_word' id='word_1_179' title='bbox 1215 1725 1465 1776; x_wconf 85' lang='lat' dir='ltr'>occuparent</span> <span class='ocrx_word' id='word_1_180' title='bbox 1505 1724 1630 1776; x_wconf 89' lang='lat' dir='ltr'>atque</span> 
     </span>
     <span class='ocr_line' id='line_1_27' title="bbox 296 1785 1631 1842; baseline 0 -14"><span class='ocrx_word' id='word_1_181' title='bbox 296 1787 357 1828; x_wconf 89' lang='lat' dir='ltr'>ita</span> <span class='ocrx_word' id='word_1_182' title='bbox 404 1785 574 1840; x_wconf 79' lang='lat' dir='ltr'>longius</span> <span class='ocrx_word' id='word_1_183' title='bbox 624 1787 706 1828; x_wconf 88' lang='lat' dir='ltr'>sibi</span> <span class='ocrx_word' id='word_1_184' title='bbox 760 1787 1056 1842; x_wconf 82' lang='lat' dir='ltr'>progrediendi</span> <span class='ocrx_word' id='word_1_185' title='bbox 1113 1788 1322 1842; x_wconf 90' lang='lat' dir='ltr'>eriperent</span> <span class='ocrx_word' id='word_1_186' title='bbox 1375 1787 1631 1828; x_wconf 86' lang='lat' dir='ltr'>facultatem.</span> 
     </span>
     <span class='ocr_line' id='line_1_28' title="bbox 296 1842 1669 1907; baseline 0.001 -17"><span class='ocrx_word' id='word_1_187' title='bbox 296 1850 498 1891; x_wconf 87' lang='lat' dir='ltr'>Eiusdem</span> <span class='ocrx_word' id='word_1_188' title='bbox 531 1850 650 1891; x_wconf 90' lang='lat' dir='ltr'>collis</span> <span class='ocrx_word' id='word_1_189' title='bbox 686 1852 916 1905; x_wconf 89' lang='lat' dir='ltr'>occupandi</span> <span class='ocrx_word' id='word_1_190' title='bbox 954 1851 1128 1907; x_wconf 81' lang='lat' dir='ltr'>[gratia]</span> <span class='ocrx_word' id='word_1_191' title='bbox 1160 1851 1370 1893; x_wconf 83' lang='lat' dir='ltr'>Labienus</span> <span class='ocrx_word' id='word_1_192' title='bbox 1408 1851 1630 1893; x_wconf 90' lang='lat' dir='ltr'>consilium</span> <span class='ocrx_word' id='word_1_193' title='bbox 1665 1842 1669 1854; x_wconf 29' lang='grc' dir='ltr'>ἶ</span> 
     </span>
    </p>
   </div>
   <div class='ocr_carea' id='block_1_4' title="bbox 297 1910 1669 2021">
    <p class='ocr_par' dir='ltr' id='par_1_4' title="bbox 297 1910 1669 2021">
     <span class='ocr_line' id='line_1_29' title="bbox 298 1910 1669 1971; baseline 0.001 -16"><span class='ocrx_word' id='word_1_194' title='bbox 298 1917 464 1969; x_wconf 84' lang='lat' dir='ltr'>ceperat</span> <span class='ocrx_word' id='word_1_195' title='bbox 501 1917 559 1969; x_wconf 86' lang='lat' dir='ltr'>et,</span> <span class='ocrx_word' id='word_1_196' title='bbox 598 1929 680 1969; x_wconf 89' lang='lat' dir='ltr'>quo</span> <span class='ocrx_word' id='word_1_197' title='bbox 718 1916 914 1970; x_wconf 88' lang='lat' dir='ltr'>propiore</span> <span class='ocrx_word' id='word_1_198' title='bbox 949 1916 1042 1958; x_wconf 92' lang='lat' dir='ltr'>loco</span> <span class='ocrx_word' id='word_1_199' title='bbox 1080 1916 1235 1971; x_wconf 86' lang='lat' dir='ltr'>fuerat,</span> <span class='ocrx_word' id='word_1_200' title='bbox 1273 1931 1321 1958; x_wconf 91' lang='lat' dir='ltr'>eo</span> <span class='ocrx_word' id='word_1_201' title='bbox 1359 1916 1535 1958; x_wconf 88' lang='lat' dir='ltr'>celerius</span> <span class='ocrx_word' id='word_1_202' title='bbox 1566 1930 1630 1958; x_wconf 94' lang='lat' dir='ltr'>oc·</span> <span class='ocrx_word' id='word_1_203' title='bbox 1667 1910 1669 1921; x_wconf 65' lang='lat'><strong>¹</strong></span> 
     </span>
     <span class='ocr_line' id='line_1_30' title="bbox 297 1981 494 2021; baseline -0.01 0"><span class='ocrx_word' id='word_1_204' title='bbox 297 1981 494 2021; x_wconf 85' lang='lat' dir='ltr'>currerat.</span> 
     </span>
    </p>
   </div>
   <div class='ocr_carea' id='block_1_5' title="bbox 296 2043 1669 2344">
    <p class='ocr_par' dir='ltr' id='par_1_5' title="bbox 296 2043 1669 2344">
     <span class='ocr_line' id='line_1_31' title="bbox 383 2043 1669 2100; baseline 0.002 -16"><span class='ocrx_word' id='word_1_205' title='bbox 383 2043 429 2085; x_wconf 90' lang='lat' dir='ltr'>L.</span> <span class='ocrx_word' id='word_1_206' title='bbox 479 2043 585 2084; x_wconf 87' lang='lat' dir='ltr'>Erat</span> <span class='ocrx_word' id='word_1_207' title='bbox 610 2044 812 2085; x_wconf 85' lang='lat' dir='ltr'>convallis</span> <span class='ocrx_word' id='word_1_208' title='bbox 839 2044 941 2085; x_wconf 88' lang='lat' dir='ltr'>satis</span> <span class='ocrx_word' id='word_1_209' title='bbox 966 2059 1121 2099; x_wconf 81' lang='lat' dir='ltr'>magna</span> <span class='ocrx_word' id='word_1_210' title='bbox 1144 2044 1380 2100; x_wconf 89' lang='lat' dir='ltr'>latitudine,</span> <span class='ocrx_word' id='word_1_211' title='bbox 1409 2045 1632 2087; x_wconf 88' lang='lat' dir='ltr'>altitudine</span> <span class='ocrx_word' id='word_1_212' title='bbox 1664 2061 1669 2078; x_wconf 57' lang='grc' dir='ltr'><strong><em>π</em></strong></span> 
     </span>
     <span class='ocr_line' id='line_1_32' title="bbox 296 2107 1632 2165; baseline 0.001 -16"><span class='ocrx_word' id='word_1_213' title='bbox 296 2110 540 2163; x_wconf 88' lang='lat' dir='ltr'>praerupta,</span> <span class='ocrx_word' id='word_1_214' title='bbox 575 2107 731 2149; x_wconf 90' lang='lat' dir='ltr'>crebris</span> <span class='ocrx_word' id='word_1_215' title='bbox 761 2107 866 2149; x_wconf 92' lang='lat' dir='ltr'>locis</span> <span class='ocrx_word' id='word_1_216' title='bbox 899 2108 1121 2163; x_wconf 87' lang='lat' dir='ltr'>speluncae</span> <span class='ocrx_word' id='word_1_217' title='bbox 1153 2109 1197 2150; x_wconf 89' lang='lat' dir='ltr'>in</span> <span class='ocrx_word' id='word_1_218' title='bbox 1227 2110 1399 2150; x_wconf 88' lang='lat' dir='ltr'>modum</span> <span class='ocrx_word' id='word_1_219' title='bbox 1431 2110 1632 2165; x_wconf 85' lang='lat' dir='ltr'>subrutis,</span> 
     </span>
     <span class='ocr_line' id='line_1_33' title="bbox 298 2171 1669 2228; baseline 0.003 -16"><span class='ocrx_word' id='word_1_220' title='bbox 298 2187 403 2226; x_wconf 88' lang='lat' dir='ltr'>quae</span> <span class='ocrx_word' id='word_1_221' title='bbox 441 2174 531 2213; x_wconf 88' lang='lat' dir='ltr'>erat</span> <span class='ocrx_word' id='word_1_222' title='bbox 566 2171 912 2226; x_wconf 82' lang='lat' dir='ltr'>transgredienda</span> <span class='ocrx_word' id='word_1_223' title='bbox 950 2172 1136 2228; x_wconf 86' lang='lat' dir='ltr'>Caesari,</span> <span class='ocrx_word' id='word_1_224' title='bbox 1179 2176 1403 2227; x_wconf 79' lang='lat' dir='ltr'>antequam</span> <span class='ocrx_word' id='word_1_225' title='bbox 1448 2174 1499 2215; x_wconf 88' lang='lat' dir='ltr'>ad</span> <span class='ocrx_word' id='word_1_226' title='bbox 1535 2188 1632 2216; x_wconf 91' lang='lat' dir='ltr'>eum</span> <span class='ocrx_word' id='word_1_227' title='bbox 1667 2191 1669 2205; x_wconf 50' lang='grc' dir='ltr'>ν</span> 
     </span>
     <span class='ocr_line' id='line_1_34' title="bbox 298 2235 1665 2293; baseline 0.001 -16"><span class='ocrx_word' id='word_1_228' title='bbox 298 2236 466 2290; x_wconf 89' lang='lat' dir='ltr'>collem,</span> <span class='ocrx_word' id='word_1_229' title='bbox 510 2251 634 2291; x_wconf 89' lang='lat' dir='ltr'>quem</span> <span class='ocrx_word' id='word_1_230' title='bbox 679 2251 825 2290; x_wconf 87' lang='lat' dir='ltr'>capere</span> <span class='ocrx_word' id='word_1_231' title='bbox 862 2235 1046 2291; x_wconf 85' lang='lat' dir='ltr'>volebat,</span> <span class='ocrx_word' id='word_1_232' title='bbox 1089 2238 1393 2293; x_wconf 79' lang='lat' dir='ltr'>perveniretur3</span> <span class='ocrx_word' id='word_1_233' title='bbox 1436 2238 1630 2292; x_wconf 89' lang='lat' dir='ltr'>ultraque</span> <span class='ocrx_word' id='word_1_234' title='bbox 1664 2259 1665 2263; x_wconf 59' lang='lat'><em>=</em></span> 
     </span>
     <span class='ocr_line' id='line_1_35' title="bbox 298 2300 1631 2344; baseline 0.002 -2"><span class='ocrx_word' id='word_1_235' title='bbox 298 2316 388 2342; x_wconf 83' lang='lat' dir='ltr'>eam</span> <span class='ocrx_word' id='word_1_236' title='bbox 422 2300 655 2342; x_wconf 85' lang='lat' dir='ltr'>convallem</span> <span class='ocrx_word' id='word_1_237' title='bbox 688 2300 889 2342; x_wconf 85' lang='lat' dir='ltr'>olivetum</span> <span class='ocrx_word' id='word_1_238' title='bbox 924 2304 1045 2343; x_wconf 82' lang='lat' dir='ltr'>vetus</span> <span class='ocrx_word' id='word_1_239' title='bbox 1085 2301 1242 2343; x_wconf 88' lang='lat' dir='ltr'>crebris</span> <span class='ocrx_word' id='word_1_240' title='bbox 1280 2302 1500 2343; x_wconf 88' lang='lat' dir='ltr'>arboribus</span> <span class='ocrx_word' id='word_1_241' title='bbox 1538 2316 1631 2344; x_wconf 88' lang='lat' dir='ltr'>con-</span> 
     </span>
    </p>
   </div>
   <div class='ocr_carea' id='block_1_6' title="bbox 1628 0 1669 2574">
    <p class='ocr_par' dir='ltr' id='par_1_6' title="bbox 1628 0 1669 2574">
     <span class='ocr_line' id='line_1_36' title="bbox 1628 0 1669 2574; baseline 0 0"><span class='ocrx_word' id='word_1_242' title='bbox 1628 0 1669 2574; x_wconf 95' lang='lat' dir='ltr'> </span> 
     </span>
    </p>
   </div>
  </div>
 </body>
</html>
