1638 2600
431 644 689 693 BELLUM
725 646 1016 694 AFRIOUM.

144 846 174 888 I.
238 847 390 890 Caesar
426 847 647 890 itineribus
685 848 808 890 iustis
847 847 1048 890 confectis
1081 848 1198 891 nullo
1231 849 1297 891 die
1329 850 1389 891 in·
1418 862 1432 890 1

55 911 252 954 termisso
291 927 325 954 a.
358 913 394 954 d.
425 925 505 954 XIV
542 913 634 954 Kal.
666 911 753 954 Ian.
785 912 1034 967 Lilybaeum
1077 913 1270 967 pervenit
1310 917 1389 955 sta-

55 976 217 1030 timque
249 977 433 1018 ostendit
462 992 551 1019 sese
577 991 704 1018 naves
730 976 837 1018 velle
864 977 1153 1031 conscendere,
1185 992 1280 1018 cum
1305 992 1388 1019 non

56 1041 238 1095 amplius
267 1041 480 1096 legionem
512 1043 698 1083 tironum
728 1041 903 1082 haberet
934 1055 1080 1094 unam,
1119 1041 1281 1095 equites
1318 1042 1391 1083 vix

55 1116 128 1147 DC.
189 1105 523 1148 'sabernaculum
561 1106 789 1147 secundum
826 1106 928 1146 litus
971 1105 1111 1159 ipsum
1156 1106 1390 1161 constituit,

54 1172 104 1210 ut
133 1184 264 1224 prope
295 1171 449 1212 fluctus
480 1171 730 1212 verberaret.
779 1169 873 1211 Hoc
904 1184 952 1211 eo
986 1170 1161 1211 consilio
1194 1170 1306 1224 fecit,
1337 1185 1389 1212 ne
1416 1183 1435 1212 2

56 1234 151 1288 quis
183 1234 264 1275 sibi
295 1249 437 1276 morae
469 1237 695 1289 quicquam
726 1235 817 1276 fore
855 1237 1042 1288 speraret
1080 1237 1122 1275 et
1158 1237 1206 1276 ut
1245 1249 1390 1276 omnes

54 1298 99 1339 in
130 1297 217 1338 dies
247 1297 458 1352 horasque
488 1298 626 1352 parati
658 1302 808 1340 essent.
863 1297 1018 1339 Incidit
1042 1313 1118 1352 per
1142 1299 1186 1339 id
1211 1301 1390 1353 tempus,
1416 1312 1436 1341 3

53 1364 102 1403 ut
137 1364 410 1416 tempestates
449 1362 500 1403 ad
536 1362 821 1417 navigandum
865 1362 1037 1403 idoneas
1077 1377 1162 1404 non
1197 1362 1390 1419 haberet,

53 1425 187 1468 nihilo
231 1428 372 1467 tamen
415 1426 556 1468 minus
598 1426 643 1467 in
691 1427 869 1468 navibus
919 1426 1100 1481 remiges
1147 1427 1390 1482 militesque

54 1490 267 1533 continere
293 1493 335 1532 et
360 1490 522 1532 nullam
546 1491 883 1545 praetermittere
910 1492 1173 1533 occasionem
1195 1491 1390 1546 profecti-

54 1555 163 1610 onis,
201 1569 296 1597 cum
332 1555 582 1609 praesertim
619 1556 671 1597 ab
710 1556 860 1597 incolis
892 1556 982 1597 eius
1012 1556 1255 1610 provinciae
1286 1571 1389 1598 nun·
1414 1569 1437 1598 4

53 1620 261 1662 tiarentur
291 1620 627 1662 adversariorum
660 1621 803 1674 copiae
836 1620 1050 1675 equitatus
1087 1620 1298 1675 infinitus,
1335 1621 1390 1662 le-

54 1684 200 1740 giones
231 1684 371 1740 regiae
396 1696 456 1739 IV,
487 1684 593 1726 levis
625 1688 860 1726 armaturae
892 1699 1047 1740 magna
1076 1685 1153 1740 vis,
1181 1685 1390 1740 Scipionis

53 1748 239 1804 legiones
269 1760 318 1804 X,
356 1747 570 1802 elephanti
603 1760 694 1790 CXX
731 1750 969 1804 classesque
1006 1764 1097 1791 esse
1137 1751 1390 1806 complures,

53 1815 194 1854 tamen
230 1827 316 1854 non
354 1813 644 1855 deterrebatur
682 1814 907 1868 animoque
945 1817 987 1856 et
1026 1829 1098 1868 spe
1143 1816 1390 1857 confidebat.

53 1875 228 1919 Interim
259 1877 304 1918 in
335 1877 423 1919 dies
455 1880 498 1919 et
527 1892 654 1919 naves
685 1878 840 1934 longae
873 1879 1072 1933 adaugeri
1104 1882 1146 1920 et
1178 1881 1391 1922 onerariae
1418 1890 1437 1920 5

55 1941 290 1996 complures
322 1942 467 1984 eodem
500 1956 747 1985 concurrere
781 1946 824 1985 et
854 1943 1043 1998 legiones
1075 1944 1263 1985 tironum
1297 1959 1391 1986 con-

53 2006 195 2048 venire
225 2018 284 2061 IV,
314 2009 513 2048 veterana
542 2007 657 2062 legio
690 2008 857 2062 quinta,
892 2008 1084 2062 equitum
1117 2008 1168 2049 ad
1199 2021 1232 2049 11
1263 2009 1390 2049 milia.

140 2070 194 2113 H.
253 2071 512 2127 Legionibus
545 2072 735 2113 collectis
767 2085 814 2114 V1
846 2075 888 2114 et
920 2073 1111 2127 equitum
1142 2084 1175 2113 11
1206 2072 1391 2127 milibus,
1418 2084 1435 2114 1

54 2137 102 2177 ut
132 2150 320 2190 quaeque
350 2136 488 2190 prima
517 2135 630 2190 legio
662 2139 851 2191 venerat,
890 2137 934 2178 in
971 2152 1099 2178 naves
1136 2136 1285 2191 longas
1317 2136 1392 2177 im-

54 2200 305 2254 ponebatur,
343 2201 507 2255 equites
546 2203 687 2242 autem
725 2201 770 2242 in
809 2201 1033 2242 onerarias.
1094 2200 1161 2242 Ita
1190 2200 1393 2242 maiorem
1418 2213 1438 2242 2

53 2266 216 2318 partem
258 2264 429 2306 navium
475 2265 721 2307 antecedere
765 2265 891 2307 iussit
934 2268 976 2307 et
1019 2264 1200 2306 insulam
1249 2268 1391 2318 petere

54 2326 332 2382 Aponianam,
359 2344 464 2383 quae
485 2329 604 2370 abest
625 2344 648 2370 a
666 2329 870 2383 Lilybaeo
898 2362 1080 2370 .......
1108 2332 1390 2370 commoratus
1417 2341 1437 2371 3

129 2401 159 2428 c.
179 2403 316 2429 umus
337 2403 500 2430 CAESAR.
536 2404 592 2429 111.
1159 2401 1180 2431 4
