1638 2600
538 126 638 161 CAP.
664 124 995 160 XXVIII—XXXI.
1355 123 1437 164 125

100 224 142 265 in
174 222 315 264 locum
348 222 482 263 nostri
516 222 945 277 adpropinquassent,
977 223 1149 275 paratus
1179 219 1316 261 hostis
1349 222 1440 261 erat

98 288 308 343 superior,
356 290 405 328 ut
453 286 757 329 transeundum
807 286 1002 340 superius
1046 286 1127 327 iter
1168 285 1440 327 vehementer

97 356 208 396 esset
250 351 545 407 periculosum.
613 351 735 402 Quod
777 365 872 392 cum
915 365 939 391 a
976 349 1151 392 Caesare
1196 353 1308 392 esset
1351 350 1436 391 ani·
1464 360 1483 389 3

96 419 383 470 madversum,
426 431 478 458 ne
522 416 625 471 quid
668 419 824 458 temere
869 415 994 469 culpa
1031 429 1205 456 suorum
1245 415 1438 456 admitte-

98 487 226 537 retur,
258 496 354 524 eum
383 481 523 523 locum
550 482 723 523 definire
748 481 898 535 coepit.
949 480 1071 530 Quod
1097 495 1192 522 cum
1218 479 1439 521 hominum
1465 490 1485 519 4

100 547 273 590 auribus
305 549 416 587 esset
447 546 673 601 obiectum,
703 546 880 587 moleste
913 548 956 587 et
987 546 1134 587 acerbe
1166 545 1442 600 accipiebant,

99 629 143 655 se
188 613 402 667 impediri,
446 626 530 666 quo
573 612 714 653 minus
757 610 965 666 proelium
1010 610 1215 651 conficere
1255 612 1442 663 possent.

98 677 215 720 Haec
251 693 371 719 mora
408 677 671 719 adversarios
708 675 933 717 alacriores
971 675 1200 716 efficiebat:
1248 674 1441 715 Caesaris
1468 683 1487 713 5

99 743 242 798 copias
286 744 439 784 timore
484 742 679 796 impediri
722 741 774 782 ad
817 740 1170 782 committendum
1220 739 1441 794 proelium.

98 806 165 849 Ita
196 822 240 849 se
272 808 493 849 efferentes
525 807 671 861 iniquo
702 806 796 848 loco
828 806 894 847 sui
931 808 1186 859 potestatem
1219 804 1444 858 faciebant,
1470 812 1490 843 6

99 878 147 916 ut
187 887 341 928 magno
380 876 522 915 tamen
564 872 752 927 periculo
790 886 982 913 accessus
1021 885 1167 912 eorum
1203 870 1443 911 haberetur.

99 939 182 980 Hic
208 938 429 985 decumani
455 952 579 979 suum
604 938 758 992 locum,
789 951 964 978 cornum
990 936 1199 990 dextrum,
1230 935 1443 989 tenebant,
1472 943 1490 974 7

100 1004 320 1045 sinistrum
359 1015 409 1044 111
447 1006 490 1044 et
528 1015 558 1044 V
594 1002 706 1058 legio
745 1003 931 1056 itemque
969 1004 1012 1043 et
1049 1004 1188 1043 cetera
1219 999 1378 1042 auxilia
1409 1003 1445 1040 et

101 1069 328 1123 equitatus.
389 1067 605 1109 Proelium
637 1067 819 1109 clamore
850 1066 964 1108 facto
996 1066 1290 1108 committitur.

189 1132 343 1174 XXXI.
404 1132 487 1174 Hic
524 1133 602 1174 etsi
641 1133 801 1174 virtute
838 1131 974 1173 nostri
1011 1130 1332 1184 antecedebant,
1376 1128 1444 1169 ad·
1473 1138 1489 1167 1

101 1198 276 1240 versarii
324 1197 417 1238 loeo
465 1198 682 1251 superiore
725 1211 766 1238 se
809 1196 1091 1238 defendebant
1136 1195 1354 1249 acerrime,
1405 1196 1447 1235 et

100 1263 326 1304 vehemens
357 1262 488 1303 fiebat
519 1262 571 1303 ab
603 1262 796 1316 utrisque
829 1261 988 1302 clamor
1018 1260 1286 1314 telorumque
1312 1259 1446 1300 missu

101 1341 348 1381 concursus,
398 1327 459 1368 sic
502 1329 550 1368 ut
593 1342 725 1381 prope
769 1326 904 1368 nostri
950 1325 1191 1366 diffiderent
1233 1324 1447 1365 victoriae.

101 1391 363 1447 Congressus
414 1392 526 1433 enim
577 1395 619 1433 et
669 1391 845 1445 clamor,
895 1391 1050 1445 quibus
1094 1390 1220 1431 rebus
1262 1389 1447 1430 maxime
1473 1398 1492 1428 2

100 1457 238 1499 hostis
283 1459 565 1511 conterretur,
608 1456 652 1497 in
693 1456 864 1498 conlatu
902 1456 996 1510 pari
1033 1458 1153 1497 erant
1191 1454 1446 1496 condicione.

101 1521 168 1564 Ita
199 1537 249 1563 ex
280 1525 463 1576 utroque
494 1536 646 1577 genere
678 1536 774 1563 cum
805 1535 949 1576 parem
981 1521 1184 1562 virtutem
1211 1520 1263 1561 ad
1288 1519 1446 1561 bellan·
1473 1528 1492 1557 3

102 1587 202 1629 dum
246 1587 545 1641 contulissent,
588 1587 773 1642 pilorum
816 1586 950 1627 missu
993 1586 1079 1627 fixa
1122 1584 1363 1627 cumulatur
1407 1587 1449 1625 et

103 1652 288 1694 concidit
313 1652 651 1693 adversariorum
676 1651 918 1693 multitudo.
967 1650 1177 1692 Dextrum
1204 1653 1252 1691 ut
1278 1649 1446 1690 demon·
1473 1658 1494 1688 4

102 1718 331 1760 stravimus
363 1717 617 1759 decumanos
649 1731 824 1758 cornum
857 1716 1062 1771 tenuisse3
1103 1716 1177 1770 qui
1215 1715 1296 1756 etsi
1328 1716 1448 1755 erant

102 1783 243 1837 pauci,
298 1785 441 1824 tamen
496 1786 672 1837 propter
725 1782 929 1823 virtutem
979 1795 1134 1836 magno
1184 1779 1448 1821 adversarios

101 1848 253 1889 timore
279 1862 425 1889 eorum
453 1861 582 1901 opera
606 1847 841 1901 adficiebat,
873 1847 988 1901 quod
1019 1861 1044 1887 a
1075 1861 1152 1887 suo
1181 1846 1274 1887 loco
1301 1844 1448 1886 hostes

102 1912 374 1955 vehementer
409 1927 600 1966 premere
638 1915 886 1966 coeperunt,
926 1914 976 1953 ut
1012 1911 1065 1952 ad
1101 1910 1359 1963 subsidium,
1397 1923 1449 1949 ne

103 1977 155 2019 ab
192 1977 324 2019 latere
362 1977 498 2019 nostri
536 1980 810 2032 occuparent,
846 1976 958 2032 legio
998 1975 1334 2017 adversariorum
1367 1976 1448 2014 tra-

104 2042 199 2084 duci
231 2045 381 2097 coepta
411 2043 469 2084 sit
500 2057 524 2083 a
555 2042 716 2083 dextro.
770 2041 886 2091 Quae
918 2041 1047 2083 simul
1078 2044 1143 2082 est
1173 2042 1302 2093 mota,
1334 2038 1448 2092 equi·
1475 2048 1494 2079 5

104 2110 218 2148 tatus
250 2106 441 2149 Caesaris
478 2107 653 2148 sinistro
692 2121 822 2148 cornu
861 2121 1050 2161 premere
1089 2106 1245 2160 coepit,
1289 2105 1347 2145 ita
1384 2104 1449 2145 uti

107 2172 261 2213 eximia
303 2173 461 2214 virtute
504 2171 713 2226 proelium
751 2171 888 2213 facere
929 2174 1122 2226 possent,
1164 2173 1213 2211 ut
1248 2169 1367 2210 locus
1405 2169 1448 2209 in

108 2237 239 2278 aciem
278 2237 330 2278 ad
367 2237 606 2279 subsidium
643 2236 846 2278 veniundi
883 2251 967 2279 non
1006 2237 1187 2277 daretur.
1248 2233 1315 2275 Ita
1352 2248 1448 2275 cum
1476 2243 1496 2274 6

108 2300 267 2342 clamor
292 2305 402 2343 esset
427 2303 700 2344 intermixtus
727 2302 888 2357 gemitu
915 2302 1237 2357 gladiorumque
1265 2299 1450 2353 crepitus

108 2365 281 2407 auribus
301 2366 480 2423 oblatus,
499 2368 778 2422 inperitorum
792 2369 955 2409 mentes
969 2367 1121 2408 timore
1140 2364 1449 2419 praepediebat.
