1669 2574
279 110 333 150 12
635 109 830 143 BELLUM
856 108 1255 143 ALEXANDRINUM.

277 204 313 246 si
344 205 565 246 inferiores
597 205 796 257 fuissent,
836 203 1042 258 reliquam
1080 207 1222 245 tamen
1259 204 1472 245 fortunam
1503 205 1609 259 peri-

230 282 250 310 2
278 269 536 310 elitarentur.
596 267 736 309 Simul
766 267 873 309 illud
910 281 1036 322 grave
1068 283 1116 310 ac
1145 270 1346 310 miserum
1376 269 1611 324 videbatur,

275 348 507 387 perpaucos
540 333 589 373 de
621 347 786 373 summa
816 346 954 373 rerum
991 346 1038 373 ac
1073 332 1122 373 de
1155 333 1290 375 salute
1323 334 1513 375 omnium
1544 334 1610 376 de-

277 400 453 451 certare3
495 411 676 451 quorum
716 397 752 437 si
785 397 857 451 qui
895 398 968 437 aut
999 396 1138 437 animo
1172 399 1244 437 aut
1273 397 1434 438 virtute
1465 397 1610 438 cessis-

277 464 360 515 set,
408 461 586 515 reliquis
629 461 756 502 etiam
800 464 911 502 esset
954 459 1205 514 cavendum,
1255 461 1408 514 quibus
1448 475 1525 515 pro
1565 476 1610 503 se

229 537 248 566 3
274 525 490 579 pugnandi
522 524 702 566 facultas
734 540 820 567 non
850 525 1011 566 fuisset.
1072 523 1189 565 Haec
1213 525 1502 578 superioribus
1527 525 1610 567 die-

276 590 354 630 bus
381 604 681 644 saepenumero
703 589 855 631 Caesar
881 590 968 631 suis
989 591 1252 643 exposuerat,
1277 591 1326 630 ut
1350 589 1431 631 hoc
1451 590 1611 632 maiore

276 654 416 696 animo
449 655 768 709 contenderent,
810 654 923 708 quod
954 654 1143 695 omnium
1176 653 1355 694 salutem
1388 654 1470 695 sibi
1501 669 1611 696 com-

229 730 250 759 4
276 719 517 760 mendatam
553 720 754 761 viderent.
816 719 977 760 Eadem
1016 733 1139 760 suum
1178 717 1356 772 quisque
1392 719 1611 760 contuber-

275 784 426 838 nalem,
458 785 653 838 amicum,
683 786 833 825 notum
865 798 1125 837 prosequens
1157 785 1248 824 erat
1279 783 1528 838 obtestatus,
1557 799 1611 825 ne

276 863 396 889 suam
428 851 554 903 atque
586 848 776 890 omnium
808 848 973 889 falleret
1006 847 1261 902 opinionem,
1294 862 1474 902 quorum
1505 848 1610 889 iudi-

228 923 248 952 5
276 911 339 953 cio
385 912 571 953 delectus
613 912 665 953 ad
704 925 891 966 pugnam
931 912 1280 966 proficisceretur.
1341 911 1490 966 Itaque
1529 912 1610 955 hoc

276 976 414 1017 animo
448 980 512 1018 est
539 977 812 1030 decertatum,
842 979 890 1016 ut
922 991 1057 1030 neque
1089 976 1314 1017 maritimis
1345 977 1610 1032 nauticisque

275 1040 464 1081 sollertia
505 1043 630 1095 atque
671 1055 739 1080 ars
779 1040 1036 1094 praesidium
1076 1040 1223 1094 ferret,
1264 1055 1399 1095 neque
1435 1056 1610 1083 numero

274 1105 446 1146 navium
472 1104 787 1158 praestantibus
813 1104 1043 1145 multitudo
1069 1105 1300 1160 prodesset,
1328 1120 1462 1160 neque
1488 1106 1610 1147 electi

275 1169 327 1210 ad
351 1170 553 1210 virtutem
580 1184 602 1210 e
627 1172 748 1210 tanta
778 1169 1050 1210 multitudine
1081 1169 1163 1211 viri
1187 1169 1338 1210 virtuti
1367 1173 1610 1212 nostrorum

228 1245 247 1274 6
274 1237 448 1288 possent
480 1234 722 1288 adaequare.
786 1233 960 1288 Capitur
990 1233 1070 1275 hoe
1100 1234 1261 1288 proelio
1294 1235 1610 1289 quinqueremis

274 1313 358 1339 una
389 1300 430 1339 et
461 1298 634 1339 biremis
661 1313 756 1339 cum
789 1298 1079 1339 defensoribus
1111 1298 1440 1353 remigibusque,
1473 1302 1515 1340 et
1544 1300 1610 1341 de-

229 1374 247 1403 7
275 1363 518 1416 primuntur
542 1365 628 1403 tres
667 1363 825 1403 nostris
851 1363 1135 1403 incolumibus
1157 1363 1364 1404 omnibus
1405 1362 1610 1418 Reliquae

273 1427 555 1481 propinquam
599 1427 745 1482 fugam
791 1427 841 1467 ad
885 1427 1086 1481 oppidum
1131 1426 1324 1481 capiunt3
1369 1441 1473 1481 quas
1516 1443 1609 1482 pro-

273 1494 470 1532 texerunt
508 1506 559 1532 ex
595 1491 779 1532 molibus
812 1494 938 1545 atque
970 1490 1171 1532 aedificiis
1208 1490 1530 1532 imminentibus
1568 1495 1611 1534 et

273 1558 442 1596 nostros
475 1555 588 1596 adire
620 1557 795 1610 propius
826 1556 1149 1610 prohibuerunt.

228 1630 244 1659 1
360 1618 497 1660 XVII.
546 1619 639 1660 Hoc
670 1634 723 1660 ne
755 1620 837 1661 sibi
875 1621 1043 1675 saepius
1075 1620 1261 1661 accidere
1296 1623 1458 1674 posset,
1495 1622 1610 1663 omni
1668 1639 1669 1642 ยน

273 1683 436 1725 ratione
469 1683 621 1725 Caesar
659 1685 997 1726 contendendum
1031 1684 1309 1738 existimavit,
1345 1687 1394 1725 ut
1426 1685 1609 1729 insulam

272 1747 512 1801 molemque
545 1748 597 1788 ad
633 1748 816 1788 insulam
854 1749 1138 1802 pertinentem
1174 1749 1218 1790 in
1250 1763 1369 1790 suam
1400 1749 1610 1804 redigeret

226 1823 246 1853 2
273 1814 538 1865 potestatem.
589 1811 794 1854 Perfectis
816 1813 928 1854 enim
954 1827 1110 1868 magna
1140 1829 1191 1855 ex
1216 1816 1335 1868 parte
1366 1814 1609 1855 munitioni-

271 1876 351 1916 bus
383 1877 427 1916 in
454 1876 607 1930 oppido
635 1880 677 1918 et
702 1877 884 1918 insulam
913 1880 955 1919 et
980 1878 1127 1919 urbem
1153 1892 1236 1919 uno
1262 1880 1452 1931 tempore
1477 1880 1609 1932 temp-

226 1952 246 1981 3
274 1941 355 1981 tari
386 1955 509 1994 posse
543 1941 789 1982 confidebat.
855 1941 946 1990 Quo
981 1944 1102 1995 capto
1141 1941 1316 1982 consilio
1353 1940 1546 1983 cohortes
1578 1953 1609 1982 X

274 2007 316 2046 et
351 2004 458 2046 levis
497 2008 734 2046 armaturae
768 2005 944 2059 electos,
986 2019 1167 2059 quosque
1203 2004 1376 2046 idoneos
1414 2019 1465 2046 ex
1495 2005 1608 2059 equi-

274 2069 389 2110 tibus
423 2067 556 2110 Gallis
596 2069 898 2123 arbitrabatur,
935 2070 979 2110 in
1010 2069 1180 2123 navigia
1216 2069 1381 2110 minora
1417 2068 1608 2123 scaphas-

273 2148 353 2188 que
373 2133 579 2188 imponit,
613 2133 787 2174 alteram
808 2133 969 2174 insulae
989 2136 1152 2186 partem
1174 2133 1434 2175 distinendae
1459 2148 1608 2174 manus

276 2212 401 2238 eausa
439 2197 665 2238 constratis
705 2197 883 2238 navibus
925 2197 1169 2251 adgreditur
1205 2197 1403 2251 praemiis
1443 2198 1609 2252 magnis

225 2273 247 2302 4
275 2261 524 2316 propositis,
570 2261 642 2315 qui
684 2261 846 2316 primus
891 2261 1072 2302 insulam
1117 2262 1306 2316 cepisset.
1367 2260 1431 2302 Ac
1470 2262 1607 2316 primo

274 2326 481 2380 impetum
512 2329 755 2367 nostrorum
786 2325 983 2366 Pharitae
1015 2325 1323 2367 sustinuerunt:
1372 2340 1456 2367 uno
1497 2326 1608 2366 enim
