<?xml version="1.0" encoding="UTF-8"?>
<!DOCTYPE html PUBLIC "-//W3C//DTD XHTML 1.0 Transitional//EN"
    "http://www.w3.org/TR/xhtml1/DTD/xhtml1-transitional.dtd">
<html xmlns="http://www.w3.org/1999/xhtml" xml:lang="en" lang="en">
 <head>
  <title>
</title>
<meta http-equiv="Content-Type" content="text/html;charset=utf-8" />
  <meta name='ocr-system' content='tesseract 3.04.00' />
  <meta name='ocr-capabilities' content='ocr_page ocr_carea ocr_par ocr_line ocrx_word'/>
</head>
<body>
  <div class='ocr_page' id='page_1' title='image "./commentarii03caesuoft_0292.png"; bbox 0 0 1669 2574; ppageno 0'>
   <div class='ocr_carea' id='block_1_1' title="bbox 541 627 1308 788">
    <p class='ocr_par' dir='ltr' id='par_1_1' title="bbox 541 627 1308 788">
     <span class='ocr_line' id='line_1_1' title="bbox 764 627 1101 674; baseline 0 0"><span class='ocrx_word' id='word_1_1' title='bbox 764 627 822 674; x_wconf 93' lang='lat' dir='ltr'><em>A.</em></span> <span class='ocrx_word' id='word_1_2' title='bbox 861 628 1101 674; x_wconf 79' lang='lat' dir='ltr'><em>HJRTJJ</em></span> 
     </span>
     <span class='ocr_line' id='line_1_2' title="bbox 541 722 1308 788; baseline -0.001 0"><span class='ocrx_word' id='word_1_3' title='bbox 541 722 1308 788; x_wconf 70' lang='lat' dir='ltr'><strong><em>FRAGMENTA.</em></strong></span> 
     </span>
    </p>
   </div>
   <div class='ocr_carea' id='block_1_2' title="bbox 563 919 1298 963">
    <p class='ocr_par' dir='ltr' id='par_1_2' title="bbox 563 919 1298 963">
     <span class='ocr_line' id='line_1_3' title="bbox 563 919 1298 963; baseline -0.001 -9"><span class='ocrx_word' id='word_1_4' title='bbox 563 919 834 955; x_wconf 79' lang='lat' dir='ltr'><strong><em>ANTIGATO</em></strong></span> <span class='ocrx_word' id='word_1_5' title='bbox 858 931 894 955; x_wconf 92' lang='lat' dir='ltr'><em>u.</em></span> <span class='ocrx_word' id='word_1_6' title='bbox 915 932 947 954; x_wconf 90' lang='lat' dir='ltr'><em>a.</em></span> <span class='ocrx_word' id='word_1_7' title='bbox 969 931 996 955; x_wconf 88' lang='lat' dir='ltr'><em>c.</em></span> <span class='ocrx_word' id='word_1_8' title='bbox 1018 919 1184 954; x_wconf 81' lang='lat' dir='ltr'><strong><em>DCCIX</em></strong></span> <span class='ocrx_word' id='word_1_9' title='bbox 1209 921 1298 963; x_wconf 85' lang='lat'><em>(45).</em></span> 
     </span>
    </p>
   </div>
   <div class='ocr_carea' id='block_1_3' title="bbox 251 989 1600 1508">
    <p class='ocr_par' dir='ltr' id='par_1_3' title="bbox 251 989 1600 1508">
     <span class='ocr_line' id='line_1_4' title="bbox 354 989 1598 1034; baseline 0 -10"><span class='ocrx_word' id='word_1_10' title='bbox 354 990 424 1025; x_wconf 80' lang='lat' dir='ltr'><em>Cic.</em></span> <span class='ocrx_word' id='word_1_11' title='bbox 445 990 494 1024; x_wconf 77' lang='lat' dir='ltr'><em>acl</em></span> <span class='ocrx_word' id='word_1_12' title='bbox 513 989 622 1025; x_wconf 85' lang='lat' dir='ltr'><em>Attic.</em></span> <span class='ocrx_word' id='word_1_13' title='bbox 644 989 747 1033; x_wconf 86' lang='lat' dir='ltr'><strong><em>XII,</em></strong></span> <span class='ocrx_word' id='word_1_14' title='bbox 766 992 831 1032; x_wconf 89' lang='lat'><em>40,</em></span> <span class='ocrx_word' id='word_1_15' title='bbox 851 993 882 1024; x_wconf 89' lang='lat'><em>1.</em></span> <span class='ocrx_word' id='word_1_16' title='bbox 935 989 1063 1034; x_wconf 73' lang='lat' dir='ltr'><em>Qualis</em></span> <span class='ocrx_word' id='word_1_17' title='bbox 1087 990 1216 1032; x_wconf 81' lang='lat' dir='ltr'><em>futura</em></span> <span class='ocrx_word' id='word_1_18' title='bbox 1240 990 1288 1025; x_wconf 90' lang='lat' dir='ltr'><em>sit</em></span> <span class='ocrx_word' id='word_1_19' title='bbox 1315 990 1481 1025; x_wconf 78' lang='lat' dir='ltr'><em>Caesaris</em></span> <span class='ocrx_word' id='word_1_20' title='bbox 1506 990 1598 1025; x_wconf 77' lang='lat' dir='ltr'><em>vitu-</em></span> 
     </span>
     <span class='ocr_line' id='line_1_5' title="bbox 251 1037 1596 1083; baseline -0.001 -11"><span class='ocrx_word' id='word_1_21' title='bbox 251 1038 395 1083; x_wconf 70' lang='lat' dir='ltr'><em>peratio</em></span> <span class='ocrx_word' id='word_1_22' title='bbox 426 1041 552 1072; x_wconf 85' lang='lat' dir='ltr'><em>contra</em></span> <span class='ocrx_word' id='word_1_23' title='bbox 584 1037 829 1072; x_wconf 71' lang='lat' dir='ltr'><em>laudationem</em></span> <span class='ocrx_word' id='word_1_24' title='bbox 860 1048 991 1079; x_wconf 84' lang='lat' dir='ltr'><em>meam,</em></span> <span class='ocrx_word' id='word_1_25' title='bbox 1018 1037 1186 1081; x_wconf 73' lang='lat' dir='ltr'><em>perspeoei</em></span> <span class='ocrx_word' id='word_1_26' title='bbox 1220 1048 1263 1071; x_wconf 72' lang='lat' dir='ltr'><em>eoe</em></span> <span class='ocrx_word' id='word_1_27' title='bbox 1294 1048 1332 1072; x_wconf 90' lang='lat' dir='ltr'><em>eo</em></span> <span class='ocrx_word' id='word_1_28' title='bbox 1364 1038 1472 1080; x_wconf 89' lang='lat' dir='ltr'><em>libro,</em></span> <span class='ocrx_word' id='word_1_29' title='bbox 1498 1049 1596 1082; x_wconf 76' lang='lat' dir='ltr'><em>quem</em></span> 
     </span>
     <span class='ocr_line' id='line_1_6' title="bbox 256 1084 1598 1129; baseline 0.001 -11"><span class='ocrx_word' id='word_1_30' title='bbox 256 1085 406 1119; x_wconf 83' lang='lat' dir='ltr'><em>Hirtius</em></span> <span class='ocrx_word' id='word_1_31' title='bbox 432 1085 481 1118; x_wconf 84' lang='lat' dir='ltr'><em>ad</em></span> <span class='ocrx_word' id='word_1_32' title='bbox 505 1096 558 1119; x_wconf 85' lang='lat' dir='ltr'><em>me</em></span> <span class='ocrx_word' id='word_1_33' title='bbox 582 1085 692 1127; x_wconf 91' lang='lat' dir='ltr'><em>misit,</em></span> <span class='ocrx_word' id='word_1_34' title='bbox 718 1085 759 1118; x_wconf 90' lang='lat' dir='ltr'><em>in</em></span> <span class='ocrx_word' id='word_1_35' title='bbox 784 1095 852 1128; x_wconf 80' lang='lat' dir='ltr'><em>quo</em></span> <span class='ocrx_word' id='word_1_36' title='bbox 878 1084 1015 1129; x_wconf 64' lang='lat' dir='ltr'><em>colligit</em></span> <span class='ocrx_word' id='word_1_37' title='bbox 1038 1085 1130 1119; x_wconf 77' lang='lat' dir='ltr'><em>vitia</em></span> <span class='ocrx_word' id='word_1_38' title='bbox 1151 1084 1309 1127; x_wconf 79' lang='lat' dir='ltr'><em>Catonis,</em></span> <span class='ocrx_word' id='word_1_39' title='bbox 1334 1085 1395 1119; x_wconf 81' lang='lat' dir='ltr'><em>sed</em></span> <span class='ocrx_word' id='word_1_40' title='bbox 1419 1096 1499 1120; x_wconf 86' lang='lat' dir='ltr'><em>cum</em></span> <span class='ocrx_word' id='word_1_41' title='bbox 1523 1096 1598 1119; x_wconf 87' lang='lat' dir='ltr'><em>ma-</em></span> 
     </span>
     <span class='ocr_line' id='line_1_7' title="bbox 255 1132 1599 1176; baseline 0 -10"><span class='ocrx_word' id='word_1_42' title='bbox 255 1133 365 1167; x_wconf 73' lang='lat' dir='ltr'><em>oeimis</em></span> <span class='ocrx_word' id='word_1_43' title='bbox 398 1132 569 1166; x_wconf 76' lang='lat' dir='ltr'><em>laudibus</em></span> <span class='ocrx_word' id='word_1_44' title='bbox 599 1132 695 1166; x_wconf 82' lang='lat' dir='ltr'><em>meis.</em></span> <span class='ocrx_word' id='word_1_45' title='bbox 746 1133 875 1176; x_wconf 82' lang='lat' dir='ltr'><em>Itaque</em></span> <span class='ocrx_word' id='word_1_46' title='bbox 899 1132 982 1166; x_wconf 85' lang='lat' dir='ltr'><em>misi</em></span> <span class='ocrx_word' id='word_1_47' title='bbox 1015 1132 1146 1165; x_wconf 82' lang='lat' dir='ltr'><em>librum</em></span> <span class='ocrx_word' id='word_1_48' title='bbox 1171 1132 1220 1165; x_wconf 79' lang='lat' dir='ltr'><em>acl</em></span> <span class='ocrx_word' id='word_1_49' title='bbox 1245 1132 1430 1174; x_wconf 79' lang='lat' dir='ltr'><em>Muscam,</em></span> <span class='ocrx_word' id='word_1_50' title='bbox 1461 1136 1502 1167; x_wconf 89' lang='lat' dir='ltr'><em>ut</em></span> <span class='ocrx_word' id='word_1_51' title='bbox 1526 1132 1599 1166; x_wconf 85' lang='lat' dir='ltr'><em>tuis</em></span> 
     </span>
     <span class='ocr_line' id='line_1_8' title="bbox 256 1179 1600 1224; baseline 0 -11"><span class='ocrx_word' id='word_1_52' title='bbox 256 1180 421 1214; x_wconf 85' lang='lat' dir='ltr'><em>librariis</em></span> <span class='ocrx_word' id='word_1_53' title='bbox 446 1179 568 1222; x_wconf 83' lang='lat' dir='ltr'><em>daret;</em></span> <span class='ocrx_word' id='word_1_54' title='bbox 592 1179 670 1214; x_wconf 74' lang='lat' dir='ltr'><em>volo</em></span> <span class='ocrx_word' id='word_1_55' title='bbox 696 1180 791 1214; x_wconf 85' lang='lat' dir='ltr'><em>enim</em></span> <span class='ocrx_word' id='word_1_56' title='bbox 815 1191 895 1214; x_wconf 80' lang='lat' dir='ltr'><em>eum</em></span> <span class='ocrx_word' id='word_1_57' title='bbox 920 1179 1112 1224; x_wconf 60' lang='lat' dir='ltr'><em>divolgari,</em></span> <span class='ocrx_word' id='word_1_58' title='bbox 1138 1179 1232 1223; x_wconf 77' lang='lat' dir='ltr'><em>quocl</em></span> <span class='ocrx_word' id='word_1_59' title='bbox 1251 1190 1319 1223; x_wconf 76' lang='lat' dir='ltr'><em>quo</em></span> <span class='ocrx_word' id='word_1_60' title='bbox 1349 1180 1499 1222; x_wconf 80' lang='lat' dir='ltr'><em>facilius</em></span> <span class='ocrx_word' id='word_1_61' title='bbox 1523 1180 1600 1222; x_wconf 74' lang='lat' dir='ltr'><em>fiat,</em></span> 
     </span>
     <span class='ocr_line' id='line_1_9' title="bbox 255 1226 1600 1270; baseline 0 -10"><span class='ocrx_word' id='word_1_62' title='bbox 255 1227 448 1270; x_wconf 77' lang='lat' dir='ltr'><em>imperabis</em></span> <span class='ocrx_word' id='word_1_63' title='bbox 478 1227 561 1261; x_wconf 88' lang='lat' dir='ltr'><em>tuis</em></span> <span class='ocrx_word' id='word_1_64' title='bbox 588 1247 632 1251; x_wconf 97' lang='lat'><strong>—</strong></span> <span class='ocrx_word' id='word_1_65' title='bbox 664 1229 729 1269; x_wconf 85' lang='lat'><em>44,</em></span> <span class='ocrx_word' id='word_1_66' title='bbox 747 1231 780 1261; x_wconf 78' lang='grc' dir='ltr'><em>Ἰ.</em></span> <span class='ocrx_word' id='word_1_67' title='bbox 819 1227 929 1260; x_wconf 87' lang='lat' dir='ltr'><em>Illius</em></span> <span class='ocrx_word' id='word_1_68' title='bbox 960 1227 1109 1268; x_wconf 83' lang='lat' dir='ltr'><em>librum,</em></span> <span class='ocrx_word' id='word_1_69' title='bbox 1141 1238 1242 1270; x_wconf 80' lang='lat' dir='ltr'><em>quem</em></span> <span class='ocrx_word' id='word_1_70' title='bbox 1273 1227 1322 1260; x_wconf 82' lang='lat' dir='ltr'><em>acl</em></span> <span class='ocrx_word' id='word_1_71' title='bbox 1352 1238 1405 1261; x_wconf 90' lang='lat' dir='ltr'><em>me</em></span> <span class='ocrx_word' id='word_1_72' title='bbox 1436 1227 1533 1261; x_wconf 90' lang='lat' dir='ltr'><em>misit</em></span> <span class='ocrx_word' id='word_1_73' title='bbox 1557 1226 1600 1261; x_wconf 82' lang='lat' dir='ltr'><em>de</em></span> 
     </span>
     <span class='ocr_line' id='line_1_10' title="bbox 257 1273 1597 1319; baseline 0 -11"><span class='ocrx_word' id='word_1_74' title='bbox 257 1274 408 1316; x_wconf 84' lang='lat' dir='ltr'><em>Catone,</em></span> <span class='ocrx_word' id='word_1_75' title='bbox 428 1278 619 1318; x_wconf 70' lang='lat' dir='ltr'><em>propterea</em></span> <span class='ocrx_word' id='word_1_76' title='bbox 643 1274 721 1308; x_wconf 82' lang='lat' dir='ltr'><em>volo</em></span> <span class='ocrx_word' id='word_1_77' title='bbox 746 1274 927 1319; x_wconf 70' lang='lat' dir='ltr'><em>divolyari</em></span> <span class='ocrx_word' id='word_1_78' title='bbox 952 1285 975 1307; x_wconf 92' lang='lat' dir='ltr'><em>a</em></span> <span class='ocrx_word' id='word_1_79' title='bbox 1000 1273 1085 1315; x_wconf 80' lang='lat' dir='ltr'><em>tuiS,</em></span> <span class='ocrx_word' id='word_1_80' title='bbox 1110 1278 1150 1308; x_wconf 91' lang='lat' dir='ltr'><em>ut</em></span> <span class='ocrx_word' id='word_1_81' title='bbox 1175 1285 1218 1308; x_wconf 72' lang='lat' dir='ltr'><em>ex</em></span> <span class='ocrx_word' id='word_1_82' title='bbox 1242 1274 1392 1308; x_wconf 84' lang='lat' dir='ltr'><em>istorum</em></span> <span class='ocrx_word' id='word_1_83' title='bbox 1417 1274 1597 1318; x_wconf 77' lang='lat' dir='ltr'><em>vitupera-</em></span> 
     </span>
     <span class='ocr_line' id='line_1_11' title="bbox 255 1301 1598 1366; baseline 0 -11"><span class='ocrx_word' id='word_1_84' title='bbox 255 1322 350 1356; x_wconf 87' lang='lat' dir='ltr'><em>tione</em></span> <span class='ocrx_word' id='word_1_85' title='bbox 374 1301 422 1356; x_wconf 83' lang='lat' dir='ltr'><em>sit</em></span> <span class='ocrx_word' id='word_1_86' title='bbox 446 1321 548 1355; x_wconf 80' lang='lat' dir='ltr'><em>illius</em></span> <span class='ocrx_word' id='word_1_87' title='bbox 572 1321 689 1356; x_wconf 87' lang='lat' dir='ltr'><em>maior</em></span> <span class='ocrx_word' id='word_1_88' title='bbox 714 1321 889 1356; x_wconf 82' lang='lat' dir='ltr'><em>laudatio</em></span> <span class='ocrx_word' id='word_1_89' title='bbox 917 1342 961 1345; x_wconf 97' lang='lat'><strong>—</strong></span> <span class='ocrx_word' id='word_1_90' title='bbox 987 1323 1045 1363; x_wconf 90' lang='lat'><em>45,</em></span> <span class='ocrx_word' id='word_1_91' title='bbox 1065 1323 1096 1354; x_wconf 91' lang='lat'><em>3.</em></span> <span class='ocrx_word' id='word_1_92' title='bbox 1129 1321 1185 1355; x_wconf 86' lang='lat' dir='ltr'><em>Tu</em></span> <span class='ocrx_word' id='word_1_93' title='bbox 1210 1332 1290 1355; x_wconf 70' lang='lat' dir='ltr'><em>veto</em></span> <span class='ocrx_word' id='word_1_94' title='bbox 1310 1321 1481 1366; x_wconf 73' lang='lat' dir='ltr'><em>pervolya</em></span> <span class='ocrx_word' id='word_1_95' title='bbox 1507 1321 1598 1355; x_wconf 88' lang='lat' dir='ltr'><em>Hir-</em></span> 
     </span>
     <span class='ocr_line' id='line_1_12' title="bbox 255 1368 1597 1413; baseline 0 -11"><span class='ocrx_word' id='word_1_96' title='bbox 255 1369 364 1403; x_wconf 85' lang='lat' dir='ltr'><em>tium:</em></span> <span class='ocrx_word' id='word_1_97' title='bbox 388 1369 428 1402; x_wconf 67' lang='lat' dir='ltr'><em>iel</em></span> <span class='ocrx_word' id='word_1_98' title='bbox 452 1369 547 1403; x_wconf 84' lang='lat' dir='ltr'><em>enim</em></span> <span class='ocrx_word' id='word_1_99' title='bbox 572 1369 691 1412; x_wconf 73' lang='lat' dir='ltr'><em>ipsum</em></span> <span class='ocrx_word' id='word_1_100' title='bbox 712 1373 898 1412; x_wconf 66' lang='lat' dir='ltr'><em>putaram,</em></span> <span class='ocrx_word' id='word_1_101' title='bbox 923 1368 1018 1412; x_wconf 78' lang='lat' dir='ltr'><em>quocl</em></span> <span class='ocrx_word' id='word_1_102' title='bbox 1049 1368 1192 1411; x_wconf 73' lang='lat' dir='ltr'><em>scr2·bi‚s</em></span> <span class='ocrx_word' id='word_1_103' title='bbox 1218 1372 1277 1410; x_wconf 87' lang='lat' dir='ltr'><em>ut,</em></span> <span class='ocrx_word' id='word_1_104' title='bbox 1308 1380 1389 1403; x_wconf 82' lang='lat' dir='ltr'><em>cum</em></span> <span class='ocrx_word' id='word_1_105' title='bbox 1413 1368 1597 1413; x_wconf 62' lang='lat' dir='ltr'><em>ingenium</em></span> 
     </span>
     <span class='ocr_line' id='line_1_13' title="bbox 255 1396 1598 1459; baseline 0.001 -10"><span class='ocrx_word' id='word_1_106' title='bbox 255 1416 364 1451; x_wconf 84' lang='lat' dir='ltr'><em>amici</em></span> <span class='ocrx_word' id='word_1_107' title='bbox 392 1417 509 1450; x_wconf 70' lang='lat' dir='ltr'><em>nostri</em></span> <span class='ocrx_word' id='word_1_108' title='bbox 527 1416 761 1459; x_wconf 68' lang='lat' dir='ltr'><em>pio,baretur</em></span> <span class='ocrx_word' id='word_1_109' title='bbox 786 1413 965 1455; x_wconf 79' lang='grc' dir='ltr'><strong><em>υπόθεσις</em></strong></span> <span class='ocrx_word' id='word_1_110' title='bbox 995 1396 1228 1459; x_wconf 57' lang='lat' dir='ltr'><em>witelmi-&#39;andi&#39;</em></span> <span class='ocrx_word' id='word_1_111' title='bbox 1255 1415 1402 1450; x_wconf 86' lang='lat' dir='ltr'><em>Catonis</em></span> <span class='ocrx_word' id='word_1_112' title='bbox 1432 1416 1598 1450; x_wconf 67' lang='grc'><strong>777771676-</strong></span> 
     </span>
     <span class='ocr_line' id='line_1_14' title="bbox 254 1463 1232 1508; baseline -0.001 -11"><span class='ocrx_word' id='word_1_113' title='bbox 254 1467 324 1498; x_wconf 82' lang='lat' dir='ltr'><em>tur.</em></span> <span class='ocrx_word' id='word_1_114' title='bbox 353 1483 396 1488; x_wconf 88' lang='lat'><em>——</em></span> <span class='ocrx_word' id='word_1_115' title='bbox 423 1466 482 1506; x_wconf 84' lang='lat'><em>47,</em></span> <span class='ocrx_word' id='word_1_116' title='bbox 508 1465 541 1497; x_wconf 91' lang='lat'><em>3.</em></span> <span class='ocrx_word' id='word_1_117' title='bbox 566 1463 689 1498; x_wconf 83' lang='lat' dir='ltr'><em>Hirtii</em></span> <span class='ocrx_word' id='word_1_118' title='bbox 715 1463 858 1505; x_wconf 80' lang='lat' dir='ltr'><em>librum,</em></span> <span class='ocrx_word' id='word_1_119' title='bbox 882 1467 923 1497; x_wconf 87' lang='lat' dir='ltr'><em>ut</em></span> <span class='ocrx_word' id='word_1_120' title='bbox 947 1463 1052 1505; x_wconf 81' lang='lat' dir='ltr'><em>facis,</em></span> <span class='ocrx_word' id='word_1_121' title='bbox 1078 1463 1232 1508; x_wconf 72' lang='lat' dir='ltr'><em>clivolya.</em></span> 
     </span>
    </p>
   </div>
   <div class='ocr_carea' id='block_1_4' title="bbox 823 1561 921 1563">
    <p class='ocr_par' dir='ltr' id='par_1_4' title="bbox 823 1561 921 1563">
     <span class='ocr_line' id='line_1_15' title="bbox 823 1561 921 1563; baseline 0 0"><span class='ocrx_word' id='word_1_122' title='bbox 823 1561 921 1563; x_wconf 95' lang='lat' dir='ltr'><em> </em></span> 
     </span>
    </p>
   </div>
   <div class='ocr_carea' id='block_1_5' title="bbox 113 1652 1322 1851">
    <p class='ocr_par' dir='ltr' id='par_1_5' title="bbox 113 1652 1322 1851">
     <span class='ocr_line' id='line_1_16' title="bbox 746 1652 1109 1697; baseline -0.003 -2"><span class='ocrx_word' id='word_1_123' title='bbox 746 1652 1109 1697; x_wconf 78' lang='lat' dir='ltr'><strong><em>EPISTULAE.</em></strong></span> 
     </span>
     <span class='ocr_line' id='line_1_17' title="bbox 132 1746 1161 1790; baseline -0.003 -7"><span class='ocrx_word' id='word_1_124' title='bbox 132 1754 239 1772; x_wconf 28' lang='lat' dir='ltr'>a.u.c*</span> <span class='ocrx_word' id='word_1_125' title='bbox 691 1758 725 1781; x_wconf 91' lang='lat' dir='ltr'><em>a.</em></span> <span class='ocrx_word' id='word_1_126' title='bbox 745 1758 781 1781; x_wconf 92' lang='lat' dir='ltr'><em>u.</em></span> <span class='ocrx_word' id='word_1_127' title='bbox 803 1758 830 1781; x_wconf 87' lang='lat' dir='ltr'><em>c.</em></span> <span class='ocrx_word' id='word_1_128' title='bbox 858 1746 1049 1781; x_wconf 83' lang='lat' dir='ltr'><strong><em>DCCVII</em></strong></span> <span class='ocrx_word' id='word_1_129' title='bbox 1070 1749 1161 1790; x_wconf 79' lang='lat'><em>(47).</em></span> 
     </span>
     <span class='ocr_line' id='line_1_18' title="bbox 113 1782 1322 1851; baseline -0.003 -7"><span class='ocrx_word' id='word_1_130' title='bbox 113 1782 252 1851; x_wconf 58' lang='grc' dir='ltr'><strong>Βῗῗέἷῌ</strong></span> <span class='ocrx_word' id='word_1_131' title='bbox 532 1805 608 1840; x_wconf 87' lang='lat' dir='ltr'><em>AD</em></span> <span class='ocrx_word' id='word_1_132' title='bbox 635 1806 690 1840; x_wconf 89' lang='lat' dir='ltr'><em>M.</em></span> <span class='ocrx_word' id='word_1_133' title='bbox 722 1806 974 1841; x_wconf 78' lang='lat' dir='ltr'><em>TULLIUM</em></span> <span class='ocrx_word' id='word_1_134' title='bbox 998 1805 1322 1841; x_wconf 78' lang='lat' dir='ltr'><strong><em>CICERONEM.</em></strong></span> 
     </span>
    </p>
   </div>
   <div class='ocr_carea' id='block_1_6' title="bbox 255 1876 1623 2007">
    <p class='ocr_par' dir='ltr' id='par_1_6' title="bbox 255 1876 1623 2007">
     <span class='ocr_line' id='line_1_19' title="bbox 353 1876 1599 1921; baseline -0.001 -10"><span class='ocrx_word' id='word_1_135' title='bbox 353 1877 423 1911; x_wconf 85' lang='lat' dir='ltr'><em>Cic.</em></span> <span class='ocrx_word' id='word_1_136' title='bbox 445 1877 494 1911; x_wconf 74' lang='lat' dir='ltr'><em>(ul</em></span> <span class='ocrx_word' id='word_1_137' title='bbox 513 1877 588 1912; x_wconf 89' lang='lat' dir='ltr'><em>Att.</em></span> <span class='ocrx_word' id='word_1_138' title='bbox 611 1877 685 1920; x_wconf 89' lang='lat' dir='ltr'><em>XI,</em></span> <span class='ocrx_word' id='word_1_139' title='bbox 705 1880 762 1920; x_wconf 84' lang='lat'><em>14,</em></span> <span class='ocrx_word' id='word_1_140' title='bbox 782 1880 804 1912; x_wconf 91' lang='lat'><em>3</em></span> <span class='ocrx_word' id='word_1_141' title='bbox 826 1880 948 1920; x_wconf 85' lang='lat' dir='ltr'><em>(mens.</em></span> <span class='ocrx_word' id='word_1_142' title='bbox 969 1877 1118 1921; x_wconf 71' lang='lat' dir='ltr'><em>April).</em></span> <span class='ocrx_word' id='word_1_143' title='bbox 1160 1876 1317 1921; x_wconf 74' lang='lat' dir='ltr'><em>Quintus</em></span> <span class='ocrx_word' id='word_1_144' title='bbox 1337 1877 1466 1921; x_wconf 75' lang='lat' dir='ltr'><em>peryit,</em></span> <span class='ocrx_word' id='word_1_145' title='bbox 1492 1880 1533 1911; x_wconf 92' lang='lat' dir='ltr'><em>ut</em></span> <span class='ocrx_word' id='word_1_146' title='bbox 1551 1876 1599 1910; x_wconf 78' lang='lat' dir='ltr'><em>acl</em></span> 
     </span>
     <span class='ocr_line' id='line_1_20' title="bbox 255 1924 1623 2007; baseline -0.001 -48"><span class='ocrx_word' id='word_1_147' title='bbox 255 1928 379 2006; x_wconf 47' lang='lat' dir='ltr'><em>Zigssfflczts</em></span> <span class='ocrx_word' id='word_1_148' title='bbox 391 1924 687 2007; x_wconf 47' lang='lat' dir='ltr'><em>Zagsgrscripsit</em></span> <span class='ocrx_word' id='word_1_149' title='bbox 711 1929 743 1960; x_wconf 88' lang='lat' dir='ltr'><em>et</em></span> <span class='ocrx_word' id='word_1_150' title='bbox 767 1925 929 1967; x_wconf 87' lang='lat' dir='ltr'><em>Hirtius,</em></span> <span class='ocrx_word' id='word_1_151' title='bbox 958 1925 1057 1969; x_wconf 76' lang='lat' dir='ltr'><em>isque</em></span> <span class='ocrx_word' id='word_1_152' title='bbox 1082 1925 1163 1959; x_wconf 84' lang='lat' dir='ltr'><em>item</em></span> <span class='ocrx_word' id='word_1_153' title='bbox 1189 1924 1357 1967; x_wconf 81' lang='lat' dir='ltr'><em>Africam</em></span> <span class='ocrx_word' id='word_1_154' title='bbox 1378 1928 1495 1968; x_wconf 71' lang='lat' dir='ltr'><em>petere</em></span> <span class='ocrx_word' id='word_1_155' title='bbox 1519 1935 1596 1958; x_wconf 82' lang='lat' dir='ltr'><em>cum</em></span> <span class='ocrx_word' id='word_1_156' title='bbox 1618 1971 1623 1983; x_wconf 85' lang='lat'><em>-.</em></span> 
     </span>
    </p>
   </div>
   <div class='ocr_carea' id='block_1_7' title="bbox 110 2066 1286 2171">
    <p class='ocr_par' dir='ltr' id='par_1_7' title="bbox 110 2066 1286 2171">
     <span class='ocr_line' id='line_1_21' title="bbox 138 2066 1174 2109; baseline -0.005 -5"><span class='ocrx_word' id='word_1_157' title='bbox 138 2074 164 2091; x_wconf 75' lang='lat'><em>²²·</em></span> <span class='ocrx_word' id='word_1_158' title='bbox 178 2074 207 2092; x_wconf 82' lang='lat' dir='ltr'><em>u.</em></span> <span class='ocrx_word' id='word_1_159' title='bbox 223 2074 246 2091; x_wconf 80' lang='lat'><em>0·</em></span> <span class='ocrx_word' id='word_1_160' title='bbox 692 2078 724 2101; x_wconf 92' lang='lat' dir='ltr'><em>a.</em></span> <span class='ocrx_word' id='word_1_161' title='bbox 745 2078 780 2101; x_wconf 93' lang='lat' dir='ltr'><em>u.</em></span> <span class='ocrx_word' id='word_1_162' title='bbox 801 2078 828 2101; x_wconf 86' lang='lat' dir='ltr'><em>c.</em></span> <span class='ocrx_word' id='word_1_163' title='bbox 856 2066 1069 2101; x_wconf 79' lang='lat' dir='ltr'><em>DGOVIH</em></span> <span class='ocrx_word' id='word_1_164' title='bbox 1083 2068 1174 2109; x_wconf 75' lang='lat'><em>(46).</em></span> 
     </span>
     <span class='ocr_line' id='line_1_22' title="bbox 110 2101 1286 2171; baseline -0.005 -7"><span class='ocrx_word' id='word_1_165' title='bbox 110 2101 266 2171; x_wconf 48' lang='lat' dir='ltr'><em>”OQ-¹¹¹</em></span> <span class='ocrx_word' id='word_1_166' title='bbox 584 2125 660 2159; x_wconf 85' lang='lat' dir='ltr'><em>AD</em></span> <span class='ocrx_word' id='word_1_167' title='bbox 688 2125 724 2160; x_wconf 83' lang='lat' dir='ltr'><em>c.</em></span> <span class='ocrx_word' id='word_1_168' title='bbox 751 2126 960 2160; x_wconf 79' lang='lat' dir='ltr'><em>JULJUM</em></span> <span class='ocrx_word' id='word_1_169' title='bbox 983 2124 1286 2160; x_wconf 74' lang='lat' dir='ltr'><strong><em>CAESAREM.</em></strong></span> 
     </span>
    </p>
   </div>
   <div class='ocr_carea' id='block_1_8' title="bbox 254 2194 1600 2475">
    <p class='ocr_par' dir='ltr' id='par_1_8' title="bbox 254 2194 1600 2475">
     <span class='ocr_line' id='line_1_23' title="bbox 351 2194 1599 2239; baseline -0.002 -8"><span class='ocrx_word' id='word_1_170' title='bbox 351 2197 422 2231; x_wconf 85' lang='lat' dir='ltr'><em>Cic.</em></span> <span class='ocrx_word' id='word_1_171' title='bbox 450 2196 498 2230; x_wconf 82' lang='lat' dir='ltr'><em>ad</em></span> <span class='ocrx_word' id='word_1_172' title='bbox 524 2196 631 2230; x_wconf 86' lang='lat' dir='ltr'><em>Fam.</em></span> <span class='ocrx_word' id='word_1_173' title='bbox 658 2195 738 2238; x_wconf 83' lang='lat' dir='ltr'><em>IX,</em></span> <span class='ocrx_word' id='word_1_174' title='bbox 765 2198 805 2238; x_wconf 86' lang='lat'><em>6,</em></span> <span class='ocrx_word' id='word_1_175' title='bbox 831 2199 851 2229; x_wconf 88' lang='lat'><em>1</em></span> <span class='ocrx_word' id='word_1_176' title='bbox 885 2195 1083 2239; x_wconf 73' lang='lat' dir='ltr'><em>(Varroni,</em></span> <span class='ocrx_word' id='word_1_177' title='bbox 1113 2206 1219 2229; x_wconf 81' lang='lat' dir='ltr'><em>mens.</em></span> <span class='ocrx_word' id='word_1_178' title='bbox 1247 2195 1360 2237; x_wconf 63' lang='lat' dir='ltr'><em>Iun).</em></span> <span class='ocrx_word' id='word_1_179' title='bbox 1414 2194 1503 2229; x_wconf 85' lang='lat' dir='ltr'><em>Cum</em></span> <span class='ocrx_word' id='word_1_180' title='bbox 1539 2195 1599 2229; x_wconf 81' lang='lat' dir='ltr'><em>ille</em></span> 
     </span>
     <span class='ocr_line' id='line_1_24' title="bbox 256 2242 1598 2288; baseline -0.002 -10"><span class='ocrx_word' id='word_1_181' title='bbox 256 2244 423 2287; x_wconf 80' lang='lat' dir='ltr'><em>(Caesar)</em></span> <span class='ocrx_word' id='word_1_182' title='bbox 450 2244 660 2288; x_wconf 75' lang='lat' dir='ltr'><em>scripsisset,</em></span> <span class='ocrx_word' id='word_1_183' title='bbox 684 2247 725 2278; x_wconf 86' lang='lat' dir='ltr'><em>ut</em></span> <span class='ocrx_word' id='word_1_184' title='bbox 750 2243 891 2286; x_wconf 71' lang='lat' dir='ltr'><em>opinor,</em></span> <span class='ocrx_word' id='word_1_185' title='bbox 916 2254 952 2277; x_wconf 88' lang='lat' dir='ltr'><em>se</em></span> <span class='ocrx_word' id='word_1_186' title='bbox 976 2243 1016 2276; x_wconf 79' lang='lat' dir='ltr'><em>in</em></span> <span class='ocrx_word' id='word_1_187' title='bbox 1041 2242 1204 2276; x_wconf 78' lang='lat' dir='ltr'><em>Alsiense</em></span> <span class='ocrx_word' id='word_1_188' title='bbox 1229 2246 1429 2284; x_wconf 70' lang='lat' dir='ltr'><em>venturum,</em></span> <span class='ocrx_word' id='word_1_189' title='bbox 1452 2242 1598 2286; x_wconf 80' lang='lat' dir='ltr'><em>scripse-</em></span> 
     </span>
     <span class='ocr_line' id='line_1_25' title="bbox 254 2289 1597 2333; baseline -0.001 -8"><span class='ocrx_word' id='word_1_190' title='bbox 254 2295 343 2325; x_wconf 82' lang='lat' dir='ltr'><em>runt</em></span> <span class='ocrx_word' id='word_1_191' title='bbox 367 2291 417 2325; x_wconf 75' lang='lat' dir='ltr'><em>acl</em></span> <span class='ocrx_word' id='word_1_192' title='bbox 441 2302 521 2325; x_wconf 86' lang='lat' dir='ltr'><em>eum</em></span> <span class='ocrx_word' id='word_1_193' title='bbox 546 2291 617 2332; x_wconf 87' lang='lat' dir='ltr'><em>sui,</em></span> <span class='ocrx_word' id='word_1_194' title='bbox 642 2301 686 2324; x_wconf 84' lang='lat' dir='ltr'><em>ne</em></span> <span class='ocrx_word' id='word_1_195' title='bbox 711 2290 750 2323; x_wconf 75' lang='lat' dir='ltr'><em>id</em></span> <span class='ocrx_word' id='word_1_196' title='bbox 774 2291 927 2332; x_wconf 48' lang='lat' dir='ltr'><em>facerem</em></span> <span class='ocrx_word' id='word_1_197' title='bbox 952 2290 1080 2324; x_wconf 80' lang='lat' dir='ltr'><em>multos</em></span> <span class='ocrx_word' id='word_1_198' title='bbox 1105 2290 1138 2324; x_wconf 88' lang='lat' dir='ltr'><em>ei</em></span> <span class='ocrx_word' id='word_1_199' title='bbox 1162 2289 1322 2324; x_wconf 81' lang='lat' dir='ltr'><em>molestos</em></span> <span class='ocrx_word' id='word_1_200' title='bbox 1345 2290 1439 2332; x_wconf 82' lang='lat' dir='ltr'><em>ferre</em></span> <span class='ocrx_word' id='word_1_201' title='bbox 1464 2290 1597 2333; x_wconf 76' lang='lat' dir='ltr'><em>ipsum—</em></span> 
     </span>
     <span class='ocr_line' id='line_1_26' title="bbox 255 2337 1598 2382; baseline 0 -11"><span class='ocrx_word' id='word_1_202' title='bbox 255 2350 321 2382; x_wconf 78' lang='lat' dir='ltr'><em>que.</em></span> <span class='ocrx_word' id='word_1_203' title='bbox 352 2338 495 2381; x_wconf 88' lang='lat' dir='ltr'><em>multis;</em></span> <span class='ocrx_word' id='word_1_204' title='bbox 529 2338 649 2373; x_wconf 87' lang='lat' dir='ltr'><em>Ostiae</em></span> <span class='ocrx_word' id='word_1_205' title='bbox 678 2338 794 2372; x_wconf 77' lang='lat' dir='ltr'><em>videri</em></span> <span class='ocrx_word' id='word_1_206' title='bbox 825 2337 1041 2371; x_wconf 79' lang='lat' dir='ltr'><em>commodius</em></span> <span class='ocrx_word' id='word_1_207' title='bbox 1072 2348 1151 2371; x_wconf 85' lang='lat' dir='ltr'><em>eum</em></span> <span class='ocrx_word' id='word_1_208' title='bbox 1182 2337 1279 2370; x_wconf 69' lang='lat' dir='ltr'><em>eoeire</em></span> <span class='ocrx_word' id='word_1_209' title='bbox 1305 2347 1430 2380; x_wconf 70' lang='lat' dir='ltr'><em>2)osse,·</em></span> <span class='ocrx_word' id='word_1_210' title='bbox 1464 2337 1503 2370; x_wconf 83' lang='lat' dir='ltr'><em>id</em></span> <span class='ocrx_word' id='word_1_211' title='bbox 1537 2347 1598 2382; x_wconf 70' lang='lat' dir='ltr'><em>eqo</em></span> 
     </span>
     <span class='ocr_line' id='line_1_27' title="bbox 255 2384 1600 2430; baseline -0.001 -12"><span class='ocrx_word' id='word_1_212' title='bbox 255 2396 330 2419; x_wconf 80' lang='lat' dir='ltr'><em>non</em></span> <span class='ocrx_word' id='word_1_213' title='bbox 354 2385 599 2430; x_wconf 75' lang='lat' dir='ltr'><em>intelleyebam</em></span> <span class='ocrx_word' id='word_1_214' title='bbox 630 2385 718 2429; x_wconf 77' lang='lat' dir='ltr'><em>quid</em></span> <span class='ocrx_word' id='word_1_215' title='bbox 749 2385 949 2419; x_wconf 77' lang='lat' dir='ltr'><em>interesset:</em></span> <span class='ocrx_word' id='word_1_216' title='bbox 979 2384 1041 2418; x_wconf 76' lang='lat' dir='ltr'><em>sed</em></span> <span class='ocrx_word' id='word_1_217' title='bbox 1072 2388 1190 2418; x_wconf 70' lang='lat' dir='ltr'><em>tamen</em></span> <span class='ocrx_word' id='word_1_218' title='bbox 1216 2384 1366 2418; x_wconf 81' lang='lat' dir='ltr'><em>Hirtius</em></span> <span class='ocrx_word' id='word_1_219' title='bbox 1390 2384 1479 2418; x_wconf 82' lang='lat' dir='ltr'><em>mihi</em></span> <span class='ocrx_word' id='word_1_220' title='bbox 1504 2384 1600 2418; x_wconf 69' lang='lat' dir='ltr'><em>discit</em></span> 
     </span>
     <span class='ocr_line' id='line_1_28' title="bbox 255 2431 1532 2475; baseline -0.002 -8"><span class='ocrx_word' id='word_1_221' title='bbox 255 2437 287 2467; x_wconf 87' lang='lat' dir='ltr'><em>et</em></span> <span class='ocrx_word' id='word_1_222' title='bbox 311 2443 347 2467; x_wconf 90' lang='lat' dir='ltr'><em>se</em></span> <span class='ocrx_word' id='word_1_223' title='bbox 371 2433 421 2467; x_wconf 78' lang='lat' dir='ltr'><em>acl</em></span> <span class='ocrx_word' id='word_1_224' title='bbox 446 2444 525 2467; x_wconf 85' lang='lat' dir='ltr'><em>eum</em></span> <span class='ocrx_word' id='word_1_225' title='bbox 550 2437 581 2467; x_wconf 88' lang='lat' dir='ltr'><em>et</em></span> <span class='ocrx_word' id='word_1_226' title='bbox 607 2432 766 2466; x_wconf 81' lang='lat' dir='ltr'><em>Balbum</em></span> <span class='ocrx_word' id='word_1_227' title='bbox 792 2436 823 2466; x_wconf 91' lang='lat' dir='ltr'><em>et</em></span> <span class='ocrx_word' id='word_1_228' title='bbox 851 2431 1006 2475; x_wconf 74' lang='lat' dir='ltr'><em>Oppium</em></span> <span class='ocrx_word' id='word_1_229' title='bbox 1031 2431 1225 2475; x_wconf 76' lang='lat' dir='ltr'><em>scripsisse,</em></span> <span class='ocrx_word' id='word_1_230' title='bbox 1250 2435 1291 2466; x_wconf 87' lang='lat' dir='ltr'><em>ut</em></span> <span class='ocrx_word' id='word_1_231' title='bbox 1315 2431 1367 2466; x_wconf 86' lang='lat' dir='ltr'><em>ita</em></span> <span class='ocrx_word' id='word_1_232' title='bbox 1392 2432 1532 2473; x_wconf 78' lang='lat' dir='ltr'><em>faceret.</em></span> 
     </span>
    </p>
   </div>
  </div>
 </body>
</html>
