1638 2600
563 119 663 154 CAP.
689 119 912 154 XIII—XVI.
1349 119 1369 158 1
1379 119 1399 158 1

73 216 247 258 eandam
284 215 460 257 classem
497 218 540 257 et
577 216 629 257 ad
665 217 898 270 receptum,
938 215 975 257 si
1007 215 1151 257 durior
1182 213 1402 256 accidisset

73 294 206 334 casus,
241 279 529 333 impeditiores
561 280 651 321 fore
682 280 943 321 videbantur.

159 342 251 385 XV.
301 343 480 385 Rhodiis
517 344 695 386 navibus
732 346 923 398 praeerat
959 343 1232 398 Euphranor,
1270 342 1400 383 animi
1428 353 1444 382 1

71 408 363 463 magnitudine
401 422 448 449 ac
478 408 637 450 virtute
673 408 809 463 magis
842 422 937 449 cum
968 409 1126 450 nostris
1156 407 1402 449 hominibus

72 487 198 528 quam
230 487 325 514 cum
359 471 528 514 Graecis
560 473 875 527 comparandus.
935 471 1019 514 Hic
1050 473 1103 514 ob
1134 472 1402 514 notissimam
1428 481 1447 511 2

71 536 292 578 scientiam
330 539 456 591 atque
493 537 624 578 animi
660 536 995 592 magnitudinem
1033 537 1219 579 delectus
1254 539 1319 578 est
1349 535 1400 577 ab

71 601 264 655 Rhodiis,
296 601 370 655 qui
395 601 620 656 imperium
646 601 791 643 classis
823 601 1044 642 obtineret.
1096 601 1177 650 Qui
1203 601 1277 642 ubi
1303 599 1400 641 Cae·
1427 610 1446 639 3

71 665 177 708 saris
203 665 496 708 dubitationem
526 667 714 707 animum
740 665 932 720 advertit,
964 665 1149 707 ‘Videris
1175 665 1310 719 mihi'‚
1342 665 1401 706 in-

72 730 176 785 quit,
209 728 388 784 ‘Caesan
419 731 572 785 vereri,
612 730 649 772 si
679 730 783 771 haec
812 730 919 771 vada
949 730 1098 784 primis
1131 729 1310 770 navibus
1342 729 1401 770 in-

70 794 209 849 traris,
228 809 280 835 ne
299 795 418 849 prius
438 795 637 836 dimicare
656 795 833 849 cogaris,
853 809 979 849 quam
998 794 1204 849 reliquam
1224 794 1402 836 classem

70 859 260 914 potueris
287 859 506 914 explicare.
549 859 686 902 Nobis
710 874 799 900 rem
825 859 1059 901 committe:
1090 858 1401 913 nos‘proelium
1427 866 1449 896 4

70 924 376 966 sustinebimus
395 949 453 954 —-
472 939 607 979 neque
627 927 748 965 tuum
770 924 972 965 iudicium
991 923 1187 965 fallemus
1206 948 1276 978 —-‚
1302 923 1402 964 dum

70 988 232 1042 reliqui
271 989 592 1043 subsequamur.
652 987 743 1029 Hos
782 988 950 1042 quidem
983 989 1142 1029 diutius
1181 988 1225 1029 in
1255 990 1401 1029 nostro

71 1055 300 1107 conspectu
332 1053 505 1108 gloriari
542 1067 695 1108 magno
726 1053 850 1094 nobis
888 1056 930 1094 et
967 1053 1159 1095 dedecori
1192 1055 1233 1094 et
1265 1052 1402 1093 dolori

70 1118 163 1158 est.'
225 1116 376 1159 Caesar
406 1117 527 1159 illum
553 1117 800 1158 adhortatus
827 1120 953 1172 atque
979 1118 1174 1159 omnibus
1204 1116 1401 1158 laudibus
1428 1125 1448 1154 5

70 1185 321 1236 prosecutus
360 1182 432 1223 dat
469 1183 638 1237 signum
669 1196 847 1236 pugnae.
908 1181 1160 1237 Progressas
1191 1181 1304 1222 ultra
1334 1196 1402 1222 va·

70 1247 171 1287 dum
208 1258 255 1287 1v
286 1246 474 1287 Rhodias
511 1261 638 1287 naves
677 1246 996 1288 circumsistunt
1026 1246 1304 1288 Alexandrini
1342 1249 1401 1287 at-

71 1325 152 1365 que
177 1310 221 1351 in
247 1325 316 1351 eas
342 1311 548 1364 impetum
578 1310 752 1351 faciunt.
814 1309 1035 1351 Sustinent
1066 1310 1130 1351 illi
1162 1313 1287 1364 atque
1314 1312 1402 1351 arte
1429 1318 1448 1348 6

69 1374 342 1428 sollertiaque
380 1388 424 1415 se
462 1373 691 1428 explicant3
732 1388 780 1415 ac
816 1376 983 1415 tantum
1022 1374 1213 1415 doctrina
1249 1374 1403 1428 potuit,

69 1441 119 1480 ut
143 1439 188 1480 in
215 1438 373 1493 dispari
397 1453 572 1480 numero
599 1438 717 1480 nulla
742 1441 982 1480 transversa
1012 1438 1128 1479 hosti
1154 1438 1404 1493 obiceretur,

69 1503 228 1545 nullius
254 1503 359 1544 remi
385 1503 716 1558 detergerentur‚
747 1503 820 1545 sed
852 1518 1017 1557 semper
1041 1503 1309 1544 venientibus
1336 1503 1403 1544 ad·

69 1582 214 1610 versae
246 1571 523 1610 occurrerent.
584 1566 761 1609 Interim
795 1571 894 1609 sunt
925 1568 1111 1622 reliquae
1143 1567 1401 1609 subsecutae.

69 1631 179 1674 Tum
214 1633 450 1674 necessario
489 1632 720 1674 discessum
758 1633 809 1673 ab
849 1635 937 1674 arte
975 1635 1039 1674 est
1069 1634 1243 1686 propter
1274 1646 1402 1687 angu-
1430 1642 1449 1672 7

69 1697 174 1739 stias
210 1697 312 1752 loci,
350 1700 476 1752 atque
515 1712 637 1738 omne
676 1700 887 1739 certamen
924 1697 969 1738 in
999 1697 1158 1738 virtute
1197 1697 1401 1738 constitit.

68 1759 218 1816 Neque
248 1776 348 1803 vero
374 1761 655 1803 Alexandriae
686 1762 768 1803 fuit
800 1762 1024 1816 quisquam
1055 1764 1129 1802 aut
1159 1764 1402 1803 nostrorum
1429 1772 1448 1802 8

70 1828 144 1867 aut
173 1826 499 1881 oppidanorum,
538 1827 611 1881 qui
642 1829 716 1868 aut
746 1827 791 1868 in
822 1841 946 1881 opere
979 1829 1052 1867 aut
1083 1826 1127 1867 in
1163 1840 1307 1881 pugna
1339 1841 1403 1868 oc-

70 1893 270 1944 cupatum
295 1891 483 1932 animum
507 1890 724 1945 haberent,
750 1891 853 1946 quin
878 1891 1086 1932 altissima
1104 1893 1216 1932 tecta
1241 1893 1404 1945 peteret

70 1957 196 2009 atque
240 1970 292 1997 ex
335 1956 451 1997 omni
493 1958 720 2010 prospectu
762 1956 903 1997 locum
953 1955 1192 2010 spectaculo
1237 1957 1404 2009 caperet

70 2019 349 2074 precibusque
375 2022 417 2061 et
441 2019 554 2061 votis
574 2020 796 2061 victoriam
821 2020 909 2062 suis
936 2020 987 2061 ab
1015 2019 1080 2061 dis
1106 2019 1403 2060 inmortalibus

71 2087 324 2138 exposceret.

157 2147 271 2190 XVI.
330 2148 506 2191 Minime
551 2152 692 2192 autem
735 2164 811 2207 par
853 2152 942 2191 erat
985 2148 1136 2203 proelii
1181 2151 1402 2190 certamen.
1430 2160 1447 2189 1

70 2210 241 2254 Nostris
272 2213 385 2254 enim
416 2214 551 2268 pulsis
583 2228 719 2269 neque
751 2216 863 2255 terra
893 2228 1028 2268 neque
1060 2213 1167 2253 mari
1199 2212 1403 2266 effugium

72 2275 249 2318 dabatur
272 2277 409 2332 victis,
441 2278 664 2332 omniaque
690 2278 923 2320 victoribus
956 2280 1074 2319 erant
1105 2276 1248 2317 futura
1274 2277 1317 2317 in
1343 2277 1403 2318 in—

72 2342 197 2395 certo,
228 2355 319 2383 cum
349 2341 425 2396 illi,
457 2342 493 2383 si
520 2346 789 2397 superassent
813 2343 1003 2396 navibus,
1036 2341 1177 2382 omnia
1201 2343 1404 2396 tenerent,
