1638 2600
504 107 602 144 CAP.
630 108 936 144 XXXXVH—LI.
1334 111 1389 151 33

57 203 280 246 constituit
311 203 546 257 exsolvere3
579 207 621 245 et
652 207 700 245 ut
730 204 968 259 largitionis
999 205 1188 260 postulat
1220 220 1389 247 consue-

56 268 177 321 tudo,
216 281 292 321 per
328 282 496 308 causam
535 268 805 310 liberalitatis
843 271 1076 323 speciosam
1113 269 1236 324 plura
1265 270 1389 325 largi-

1 344 7 349 ·
57 331 141 373 tori
161 330 480 384 quaerebantur.
525 331 732 374 Pecuniae
758 332 1041 387 locupletibus
1062 335 1389 389 imperabantur,
1415 346 1435 374 2

0 399 6 405 “
57 409 160 450 quas
192 394 411 450 Longinus
449 396 530 436 sibi
569 411 772 450 expensas
809 396 910 438 ferri
945 413 1030 439 non
1060 402 1227 440 tantum
1258 399 1388 453 patie-

1 474 6 479 ·
55 459 197 512 batur,
235 460 308 501 sed
346 460 472 501 etiam
505 461 700 515 cogebat,
737 461 780 502 in
818 475 990 516 gregem
1028 462 1304 517 locupletium
1337 462 1388 503 si-

0 529 7 556 ἒ
54 523 300 565 mulationis
350 539 475 565 causa
524 529 671 567 tenues
721 525 1026 580 coiciebantur,
1075 542 1210 581 neque
1254 527 1389 569 ullum

55 602 187 644 genus
220 592 420 643 quaestus
453 593 526 630 aut
556 590 700 644 magni
732 592 774 630 et
805 590 1011 632 evidentis
1044 594 1117 632 aut
1148 592 1315 633 minimi
1347 595 1389 633 et

54 653 214 694 sordidi
245 654 682 707 praetermittebatur,
725 668 807 708 quo
840 654 989 695 domus
1022 658 1064 696 et
1094 655 1283 696 tribunal
1314 656 1388 696 im-

0 736 6 749 u
53 717 260 772 peratoris
292 721 470 759 vacaret.
530 717 668 760 Nemo
699 721 805 772 erat,
838 719 911 773 qui
941 719 1067 760 modo
1097 719 1283 774 aliquam
1308 720 1387 761 iac·
1414 731 1434 760 3

53 785 192 824 turam
224 782 360 824 facere
391 786 553 837 posset,
586 783 689 837 quin
714 785 787 824 aut
811 783 1051 825 vadimonio
1077 787 1294 826 teneretur
1315 787 1389 825 aut

1 838 4 844 ⁴
53 846 97 888 in
129 861 223 888 reos
261 847 499 888 referretur.
561 845 627 888 Ita
663 860 817 902 magna
848 848 975 889 etiam
1007 848 1249 890 sollicitudo
1282 849 1388 902 peri-

54 911 247 953 culorum
286 911 338 952 ad
375 912 556 953 iacturas
594 915 637 953 et
674 911 925 953 detrimenta
961 913 1021 954 rei
1058 912 1280 955 familiaris
1321 913 1387 954 ad-

2 1002 6 1009 ·
53 976 320 1031 iungebatur.

140 1039 186 1080 L.
244 1039 407 1089 Quibus
445 1040 495 1081 de
534 1040 670 1081 causis
715 1040 883 1094 accidit,
926 1045 990 1095 ut,
1034 1056 1130 1083 cum
1165 1041 1386 1096 Longinus
1415 1053 1431 1083 1

0 1111 6 1139 ἓ
51 1104 283 1158 imperator
314 1104 458 1145 eadem
490 1104 664 1159 faceret,
703 1119 808 1159 quae
838 1105 996 1148 fecerat
1027 1109 1241 1160 quaestor,
1273 1105 1386 1147 simi-

0 1186 5 1193 ·
51 1168 110 1210 lia
142 1183 288 1210 rursus
322 1169 371 1210 de
402 1171 539 1210 morte
571 1169 661 1210 eius
699 1169 978 1222 provinciales
1010 1170 1185 1212 consilia
1218 1170 1385 1211 inirent.

0 1242 5 1251 “
51 1232 217 1274 Horum
256 1233 400 1274 odium
438 1233 744 1274 confirmabant
780 1234 975 1275 nonnulli
1011 1234 1241 1276 familiares
1278 1235 1386 1288 eius3
1412 1246 1431 1275 2

51 1297 124 1351 qui
156 1311 251 1337 cum
276 1297 321 1337 in
347 1297 420 1337 illa
445 1297 646 1338 societate
672 1300 941 1338 versarentur
965 1298 1220 1352 rapinarum,
1250 1298 1384 1340 nihilo

49 1361 190 1402 minus
222 1361 398 1402 oderant
429 1375 546 1414 eum,
578 1361 698 1401 cuius
728 1361 898 1402 nomine
929 1361 1176 1414 peccabant,
1208 1361 1385 1415 sibique,

50 1425 163 1480 quod
188 1428 425 1479 rapuerant,
458 1428 676 1479 acceptum
701 1425 951 1479 referebant,
978 1425 1090 1479 quod
1116 1425 1386 1467 interciderat

0 1502 5 1529 ι
50 1493 124 1531 aut
155 1492 244 1532 erat
281 1489 615 1544 interpellatum,
648 1488 792 1530 Cassio
832 1489 1121 1544 adsignabant.
1184 1489 1384 1539 Quintam
1411 1503 1429 1532 3

0 1577 4 1582 ·
49 1554 259 1610 legionem
301 1569 455 1596 novam
493 1554 732 1596 conscribit.
794 1552 990 1609 Augetur
1031 1554 1175 1595 odium
1212 1556 1254 1595 et
1291 1554 1383 1608 ipso

49 1618 204 1660 dilectu
236 1621 278 1659 et
310 1621 482 1672 sumptu
515 1618 680 1660 additae
712 1618 904 1674 legionis.
967 1617 1244 1673 Complentur
1271 1619 1383 1672 equi-

49 1684 140 1723 tum
170 1694 222 1723 111
252 1682 370 1723 milia
400 1683 680 1737 maximisque
707 1686 911 1724 ornantur
936 1683 1156 1737 impensis:
1190 1697 1266 1724 nec
1290 1697 1383 1737 pro-

0 1762 4 1789 ὲ
48 1746 209 1788 vinciae
241 1747 365 1788 datur
394 1747 482 1788 ulla
512 1747 691 1801 requies.

135 1810 202 1852 LI.
249 1810 428 1853 Interim
458 1811 624 1853 litteras
657 1812 818 1866 accepit
847 1827 872 1853 a
897 1810 1085 1865 Caesare,
1116 1814 1164 1852 ut
1194 1811 1239 1852 in
1271 1811 1382 1853 Afri·
1410 1825 1427 1854 1

48 1890 139 1918 cam
170 1876 401 1918 exercitum
432 1877 628 1918 traiceret
664 1891 822 1931 perque
853 1875 1163 1917 Mauretaniam
1195 1875 1247 1916 ad
1277 1876 1382 1917 fines

47 1938 273 1982 Numidiae
310 1941 566 1995 perveniret,
607 1941 720 1995 quod
757 1955 912 1996 magna
944 1940 1016 1982 Cn.
1042 1940 1246 1994 Pompeio
1278 1939 1384 1981 Iuba

0 2031 4 2036 ·
47 2005 220 2046 miserat
239 2005 396 2047 auxilia
414 2006 658 2060 maioraque
678 2006 886 2047 missurus
906 2005 1241 2046 existimabatur.
1284 2004 1381 2053 Qui·
1408 2017 1427 2046 2

0 2086 4 2112 ε
47 2069 126 2111 bus
143 2069 300 2111 litteris
321 2071 503 2125 acceptis
523 2070 724 2112 insolenti
744 2070 963 2124 voluptate
985 2070 1246 2122 efferebatur,
1270 2069 1383 2123 quod

48 2133 129 2176 sibi
159 2149 363 2176 novarum
400 2135 714 2189 provinciarum
746 2137 787 2176 et
823 2134 1080 2176 fertilissimi
1111 2133 1231 2188 regni
1263 2135 1383 2173 tanta

0 2224 11 2250 χ
47 2198 188 2240 oblata
218 2203 329 2241 esset
358 2200 548 2242 facultas.
610 2199 759 2254 Itaque
795 2200 886 2254 ipse
918 2199 963 2240 in
993 2198 1256 2240 Lusitaniam
1287 2211 1380 2251 pro·
1407 2209 1426 2239 3

0 2289 2 2294 ·
47 2260 248 2304 ficiscitur
272 2263 324 2304 ad
349 2263 537 2319 legiones
563 2264 831 2306 arcessendas
852 2263 1093 2317 auxiliaque
1120 2261 1380 2316 adducenda3

0 2346 2 2369 ε
47 2327 171 2368 certis
200 2326 444 2369 hominibus
476 2328 547 2369 dat
583 2329 821 2383 negotium,
858 2331 907 2369 ut
943 2328 1204 2368 frumentum
1236 2340 1378 2368 naves-

118 2401 146 2426 ο.
166 2402 302 2428 mnrns
323 2402 487 2428 CAESAR.
526 2403 581 2428 ΠΙ.
1149 2399 1168 2429 3
