1638 2600
567 112 665 148 CAP.
692 113 865 149 X—XHI.
1371 114 1396 154 9

63 207 252 250 hostium
285 209 581 263 quadriremis,
620 209 816 264 depressa
847 212 912 252 est
943 209 1091 265 altera,
1130 210 1234 252 duae
1267 210 1397 250 omni-

64 273 143 314 bus
181 273 362 327 epibatis
399 273 601 328 nudatae3
641 288 796 328 magna
831 277 1049 328 praeterea
1085 273 1316 315 multitudo
1353 273 1397 314 in

63 337 238 391 reliquis
270 337 449 378 navibus
487 341 852 394 propugnatorum
885 341 950 380 est
981 338 1213 380 interfecta.
1276 337 1397 387 Quod
1424 348 1444 379 5

63 401 146 443 nisi
176 415 262 442 nox
292 401 501 455 proelium
529 402 778 456 diremisset,
809 404 900 443 tota
925 402 1057 444 classe
1082 402 1273 444 hostium
1300 400 1396 443 Cae-

64 481 132 508 sar
161 465 324 520 potitus
357 469 477 508 esset.
539 466 631 509 Hac
663 466 901 509 calamitate
932 467 1169 521 perterritis
1199 466 1397 508 hostibus
1424 477 1445 507 6

64 531 238 572 adverso
263 533 391 572 vento
422 530 575 572 leniter
606 531 734 573 flante
764 546 892 572 naves
919 532 1133 573 onerarias
1160 530 1313 573 Caesar
1336 545 1397 572 re-

62 593 202 635 mulco
227 594 476 636 victricibus
509 596 597 637 suis
629 595 807 637 navibus
832 594 1135 637 Alexandriam
1167 596 1347 637 deducit.

150 657 245 699 XII.
294 658 361 700 Eo
394 659 647 701 detrimento
686 660 788 701 adeo
820 662 920 701 sunt
950 659 1075 702 fracti
1106 659 1397 714 Alexandrini,
1424 671 1442 701 1

63 738 157 765 cum
183 724 269 765 iam
297 738 383 765 non
408 724 567 766 virtute
591 726 968 779 propugnatorum,
994 724 1067 766 sed
1092 725 1271 766 scientia
1296 724 1396 765 clas-

62 788 287 830 siariorum
318 803 362 830 se
393 789 530 830 victos
561 789 763 843 viderent,
795 789 948 844 quibus
975 823 1077 831 .....
1099 792 1141 830 et
1173 788 1397 842 superiori-

60 853 139 895 bus
177 853 284 895 locis
323 853 670 907 sublevabantur,
711 856 759 894 ut
791 868 841 895 ex
873 854 1074 895 aedificiis
1106 853 1273 895 defendi
1303 867 1397 907 pos-

61 921 155 960 sent
199 921 241 959 et
284 919 504 959 materiam
549 921 743 959 cunctam
787 918 1022 973 obicerent,
1072 918 1185 973 quod
1226 919 1397 958 nostrae

60 983 207 1025 classis
252 983 612 1037 oppugnationem
661 983 788 1024 etiam
832 983 884 1024 ad
932 986 1089 1024 terram
1131 982 1396 1024 verebantur.

59 1047 194 1101 Idem,
225 1050 502 1102 posteaquam
536 1046 800 1101 Ganymedes
838 1048 882 1089 in
921 1047 1098 1089 concilio
1132 1046 1396 1089 confirmavit
1422 1058 1443 1087 2

60 1127 150 1153 sese
177 1114 218 1153 et
243 1126 324 1165 eas,
355 1126 461 1166 quae
487 1115 626 1153 essent
658 1112 847 1166 amissae,
877 1126 1000 1154 naves
1030 1113 1329 1153 restituturum
1355 1114 1397 1152 et

58 1190 281 1217 numerum
302 1176 589 1230 adaucturum,
615 1190 769 1230 magna
789 1191 862 1230 spe
882 1179 924 1217 et
942 1176 1098 1217 fiducia
1116 1178 1278 1217 veteres
1304 1175 1395 1216 refi-

59 1255 151 1282 cere
183 1255 310 1281 naves
341 1240 659 1294 accuratiusque
691 1240 790 1281 huic
821 1241 881 1281 rei
914 1240 1082 1281 studere
1109 1243 1235 1294 atque
1267 1240 1395 1281 inser-

57 1306 146 1346 vire
194 1304 482 1345 instituerunt.
552 1303 617 1345 Ac
665 1305 836 1345 tametsi
886 1304 1070 1358 amplius
1115 1315 1174 1345 cx
1217 1305 1395 1346 navibus
1421 1316 1443 1346 3

56 1368 196 1423 longis
236 1368 282 1408 in
320 1370 448 1422 portu
488 1367 793 1423 navalibusque
835 1369 1085 1423 amiserant,
1129 1383 1214 1410 non
1254 1372 1395 1410 tamen

58 1432 313 1487 reparandae
340 1432 487 1473 classis
513 1433 814 1487 cogitationem
842 1433 1140 1487 deposuerunt.
1181 1432 1396 1489 Videbant
1420 1446 1444 1475 4

58 1497 170 1538 enim
206 1511 292 1538 non
329 1496 488 1537 auxilia
520 1495 705 1552 Caesari,
741 1512 828 1539 non
860 1500 1120 1539 commeatus
1152 1497 1396 1552 subportari

57 1576 198 1616 posse,
230 1561 266 1602 si
298 1560 430 1602 classe
461 1561 544 1615 ipsi
575 1562 783 1617 valerent3
820 1565 1039 1617 praeterea
1069 1562 1231 1604 nautici
1261 1562 1394 1605 homi-

57 1641 130 1668 nes
169 1626 287 1667 urbis
329 1628 371 1668 et
410 1626 597 1681 regionis
637 1627 874 1668 maritimae
916 1627 1213 1682 cotidianoque
1253 1643 1334 1669 usu
1372 1644 1397 1669 a

55 1691 198 1746 pueris
240 1691 458 1732 exercitati
500 1691 552 1732 ad
591 1691 781 1733 naturale
826 1706 873 1733 ac
914 1692 1194 1733 domesticum
1234 1693 1392 1734 bonum

56 1756 247 1811 refugere
279 1755 505 1810 cupiebant
536 1759 595 1811 et,
628 1759 833 1811 quantum
864 1756 1054 1810 parvulis
1085 1757 1268 1812 navigiis
1298 1772 1392 1812 pro-

56 1820 265 1874 fecissent,
297 1820 553 1875 sentiebant3
584 1821 728 1875 itaque
760 1821 875 1862 omni
907 1821 1048 1863 studio
1081 1821 1133 1862 ad
1162 1822 1392 1876 parandam

57 1884 232 1927 classem
263 1884 556 1926 incubuerunt.

142 1948 259 1991 XIII.
307 1949 444 1991 Erant
470 1950 666 1992 omnibus
692 1950 812 1992 ostiis
836 1949 929 1992 Nili
955 1951 1170 1992 custodiae
1196 1950 1390 2006 exigendi
1418 1962 1436 1992 1

56 2014 234 2069 portorii
272 2028 397 2055 causa
434 2014 681 2070 dispositae3
722 2029 849 2056 naves
886 2017 1049 2056 veteres
1089 2018 1210 2056 erant
1244 2016 1289 2056 in
1327 2030 1390 2057 oc-

58 2078 179 2120 cultis
219 2078 361 2133 regiae
401 2078 642 2134 navalibus,
686 2080 840 2134 quibus
881 2079 1030 2121 multis
1069 2080 1189 2121 annis
1231 2080 1283 2120 ad
1321 2094 1390 2120 na·

55 2143 283 2197 vigandum
307 2157 394 2184 non
420 2145 540 2184 erant
570 2143 654 2184 usi:
685 2143 762 2185 has
793 2144 1056 2199 reficiebant,
1088 2145 1184 2185 illas
1209 2143 1389 2185 Alexan-

57 2207 188 2249 driam
219 2208 484 2249 revocabant.
545 2207 732 2250 Deerant
761 2209 886 2251 remi:
916 2210 1124 2264 porticus,
1156 2209 1378 2264 gymnasia
1415 2220 1437 2250 2

54 2272 223 2326 publica
263 2272 453 2314 aedificia
494 2273 765 2328 detegebant,
809 2288 970 2315 asseres
1010 2288 1224 2315 remorum
1264 2288 1389 2315 usum

55 2334 318 2391 obtinebant3
351 2337 465 2378 aliud
496 2338 701 2379 naturalis
734 2338 940 2393 sollertia,
973 2338 1087 2380 aliud
1118 2338 1237 2379 urbis
1269 2339 1390 2392 copia
