<?xml version="1.0" encoding="UTF-8"?>
<!DOCTYPE html PUBLIC "-//W3C//DTD XHTML 1.0 Transitional//EN"
    "http://www.w3.org/TR/xhtml1/DTD/xhtml1-transitional.dtd">
<html xmlns="http://www.w3.org/1999/xhtml" xml:lang="en" lang="en">
 <head>
  <title>
</title>
<meta http-equiv="Content-Type" content="text/html;charset=utf-8" />
  <meta name='ocr-system' content='tesseract 3.04.00' />
  <meta name='ocr-capabilities' content='ocr_page ocr_carea ocr_par ocr_line ocrx_word'/>
</head>
<body>
  <div class='ocr_page' id='page_1' title='image "./commentarii03caesuoft_0098.png"; bbox 0 0 1669 2574; ppageno 0'>
   <div class='ocr_carea' id='block_1_1' title="bbox 218 328 239 358">
    <p class='ocr_par' dir='ltr' id='par_1_1' title="bbox 218 328 239 358">
     <span class='ocr_line' id='line_1_1' title="bbox 218 328 239 358; baseline 0 0"><span class='ocrx_word' id='word_1_1' title='bbox 218 328 239 358; x_wconf 84' lang='lat'>4</span> 
     </span>
    </p>
   </div>
   <div class='ocr_carea' id='block_1_2' title="bbox 219 455 238 485">
    <p class='ocr_par' dir='ltr' id='par_1_2' title="bbox 219 455 238 485">
     <span class='ocr_line' id='line_1_2' title="bbox 219 455 238 485; baseline 0 0"><span class='ocrx_word' id='word_1_2' title='bbox 219 455 238 485; x_wconf 90' lang='lat'>5</span> 
     </span>
    </p>
   </div>
   <div class='ocr_carea' id='block_1_3' title="bbox 224 1487 243 1516">
    <p class='ocr_par' dir='ltr' id='par_1_3' title="bbox 224 1487 243 1516">
     <span class='ocr_line' id='line_1_3' title="bbox 224 1487 243 1516; textangle 90"><span class='ocrx_word' id='word_1_3' title='bbox 224 1487 243 1516; x_wconf 73' lang='lat'>10</span> 
     </span>
    </p>
   </div>
   <div class='ocr_carea' id='block_1_4' title="bbox 267 93 1154 135">
    <p class='ocr_par' dir='ltr' id='par_1_4' title="bbox 267 93 1154 135">
     <span class='ocr_line' id='line_1_4' title="bbox 267 93 1154 135; baseline 0 -7"><span class='ocrx_word' id='word_1_4' title='bbox 267 95 324 135; x_wconf 78' lang='grc'>50</span> <span class='ocrx_word' id='word_1_5' title='bbox 712 94 907 128; x_wconf 90' lang='lat' dir='ltr'><strong>BELLUM</strong></span> <span class='ocrx_word' id='word_1_6' title='bbox 932 93 1154 128; x_wconf 81' lang='lat' dir='ltr'><strong>AFRICUM.</strong></span> 
     </span>
    </p>
   </div>
   <div class='ocr_carea' id='block_1_5' title="bbox 263 184 1659 434">
    <p class='ocr_par' dir='ltr' id='par_1_5' title="bbox 263 184 1659 434">
     <span class='ocr_line' id='line_1_5' title="bbox 263 184 1659 243; baseline -0.001 -13"><span class='ocrx_word' id='word_1_7' title='bbox 263 189 374 231; x_wconf 86' lang='lat' dir='ltr'>bona</span> <span class='ocrx_word' id='word_1_8' title='bbox 404 204 635 243; x_wconf 87' lang='lat' dir='ltr'>paucorum</span> <span class='ocrx_word' id='word_1_9' title='bbox 666 188 834 242; x_wconf 86' lang='lat' dir='ltr'>publice</span> <span class='ocrx_word' id='word_1_10' title='bbox 865 188 1022 242; x_wconf 84' lang='lat' dir='ltr'>vendit,</span> <span class='ocrx_word' id='word_1_11' title='bbox 1054 188 1201 230; x_wconf 87' lang='lat' dir='ltr'>deinde</span> <span class='ocrx_word' id='word_1_12' title='bbox 1226 188 1379 230; x_wconf 89' lang='lat' dir='ltr'>Alieno</span> <span class='ocrx_word' id='word_1_13' title='bbox 1404 189 1601 243; x_wconf 86' lang='lat' dir='ltr'>praetori,</span> <span class='ocrx_word' id='word_1_14' title='bbox 1658 184 1659 196; x_wconf 58' lang='lat'>³</span> 
     </span>
     <span class='ocr_line' id='line_1_6' title="bbox 265 252 1659 307; baseline -0.001 -13"><span class='ocrx_word' id='word_1_15' title='bbox 265 254 337 307; x_wconf 87' lang='lat' dir='ltr'>qui</span> <span class='ocrx_word' id='word_1_16' title='bbox 371 253 559 294; x_wconf 85' lang='lat' dir='ltr'>Siciliam</span> <span class='ocrx_word' id='word_1_17' title='bbox 592 252 822 306; x_wconf 88' lang='lat' dir='ltr'>obtinebat,</span> <span class='ocrx_word' id='word_1_18' title='bbox 859 252 909 293; x_wconf 89' lang='lat' dir='ltr'>de</span> <span class='ocrx_word' id='word_1_19' title='bbox 941 252 1137 294; x_wconf 89' lang='lat' dir='ltr'>omnibus</span> <span class='ocrx_word' id='word_1_20' title='bbox 1168 253 1293 294; x_wconf 81' lang='lat' dir='ltr'>rebus</span> <span class='ocrx_word' id='word_1_21' title='bbox 1324 252 1529 307; x_wconf 89' lang='lat' dir='ltr'>praecipit</span> <span class='ocrx_word' id='word_1_22' title='bbox 1559 254 1601 293; x_wconf 88' lang='lat' dir='ltr'>et</span> <span class='ocrx_word' id='word_1_23' title='bbox 1658 255 1659 258; x_wconf 75' lang='grc'>’</span> 
     </span>
     <span class='ocr_line' id='line_1_7' title="bbox 266 315 1653 372; baseline -0.001 -14"><span class='ocrx_word' id='word_1_24' title='bbox 266 317 316 358; x_wconf 82' lang='grc'>(10</span> <span class='ocrx_word' id='word_1_25' title='bbox 353 317 516 371; x_wconf 82' lang='lat' dir='ltr'>reliquo</span> <span class='ocrx_word' id='word_1_26' title='bbox 555 316 742 357; x_wconf 80' lang='lat' dir='ltr'>exercitu</span> <span class='ocrx_word' id='word_1_27' title='bbox 780 315 971 357; x_wconf 78' lang='lat' dir='ltr'>celeriter</span> <span class='ocrx_word' id='word_1_28' title='bbox 1008 316 1273 370; x_wconf 84' lang='lat' dir='ltr'>imponendo.</span> <span class='ocrx_word' id='word_1_29' title='bbox 1333 316 1456 357; x_wconf 90' lang='lat' dir='ltr'>Datis</span> <span class='ocrx_word' id='word_1_30' title='bbox 1487 330 1600 357; x_wconf 90' lang='lat' dir='ltr'>man·</span> <span class='ocrx_word' id='word_1_31' title='bbox 1650 370 1653 372; x_wconf 21' lang='grc' dir='ltr'>Ι</span> 
     </span>
     <span class='ocr_line' id='line_1_8' title="bbox 265 379 1600 434; baseline 0 -13"><span class='ocrx_word' id='word_1_32' title='bbox 265 380 373 421; x_wconf 88' lang='lat' dir='ltr'>datis</span> <span class='ocrx_word' id='word_1_33' title='bbox 411 381 500 434; x_wconf 90' lang='lat' dir='ltr'>ipse</span> <span class='ocrx_word' id='word_1_34' title='bbox 537 395 686 421; x_wconf 86' lang='lat' dir='ltr'>navem</span> <span class='ocrx_word' id='word_1_35' title='bbox 723 380 967 421; x_wconf 88' lang='lat' dir='ltr'>conscendit</span> <span class='ocrx_word' id='word_1_36' title='bbox 1005 394 1038 420; x_wconf 92' lang='lat' dir='ltr'>a.</span> <span class='ocrx_word' id='word_1_37' title='bbox 1073 380 1109 421; x_wconf 89' lang='lat' dir='ltr'>d.</span> <span class='ocrx_word' id='word_1_38' title='bbox 1141 393 1188 421; x_wconf 90' lang='lat' dir='ltr'>V1</span> <span class='ocrx_word' id='word_1_39' title='bbox 1221 380 1312 421; x_wconf 87' lang='lat' dir='ltr'>Kal.</span> <span class='ocrx_word' id='word_1_40' title='bbox 1345 379 1431 421; x_wconf 90' lang='lat' dir='ltr'>Ian.</span> <span class='ocrx_word' id='word_1_41' title='bbox 1463 382 1506 421; x_wconf 89' lang='lat' dir='ltr'>et</span> <span class='ocrx_word' id='word_1_42' title='bbox 1540 395 1600 421; x_wconf 84' lang='lat' dir='ltr'>re-</span> 
     </span>
    </p>
   </div>
   <div class='ocr_carea' id='block_1_6' title="bbox 263 436 1661 498">
    <p class='ocr_par' dir='ltr' id='par_1_6' title="bbox 263 436 1661 498">
     <span class='ocr_line' id='line_1_9' title="bbox 263 436 1661 498; baseline 0 -13"><span class='ocrx_word' id='word_1_43' title='bbox 263 444 402 498; x_wconf 86' lang='lat' dir='ltr'>liquas</span> <span class='ocrx_word' id='word_1_44' title='bbox 444 459 572 486; x_wconf 86' lang='lat' dir='ltr'>naves</span> <span class='ocrx_word' id='word_1_45' title='bbox 610 444 755 485; x_wconf 89' lang='lat' dir='ltr'>statim</span> <span class='ocrx_word' id='word_1_46' title='bbox 793 446 857 485; x_wconf 86' lang='lat' dir='ltr'>est</span> <span class='ocrx_word' id='word_1_47' title='bbox 896 447 1157 486; x_wconf 90' lang='lat' dir='ltr'>consecutus.</span> <span class='ocrx_word' id='word_1_48' title='bbox 1224 444 1289 485; x_wconf 86' lang='lat' dir='ltr'>Ita</span> <span class='ocrx_word' id='word_1_49' title='bbox 1324 447 1450 486; x_wconf 86' lang='lat' dir='ltr'>vento</span> <span class='ocrx_word' id='word_1_50' title='bbox 1487 447 1601 486; x_wconf 89' lang='lat' dir='ltr'>certo</span> <span class='ocrx_word' id='word_1_51' title='bbox 1660 436 1661 440; x_wconf 26' lang='lat'>¹</span> 
     </span>
    </p>
   </div>
   <div class='ocr_carea' id='block_1_7' title="bbox 265 508 1663 1138">
    <p class='ocr_par' dir='ltr' id='par_1_7' title="bbox 265 508 1661 884">
     <span class='ocr_line' id='line_1_10' title="bbox 266 508 1661 566; baseline 0.001 -18"><span class='ocrx_word' id='word_1_52' title='bbox 266 508 474 562; x_wconf 88' lang='lat' dir='ltr'>celerique</span> <span class='ocrx_word' id='word_1_53' title='bbox 496 509 665 564; x_wconf 80' lang='lat' dir='ltr'>navigio</span> <span class='ocrx_word' id='word_1_54' title='bbox 686 511 833 550; x_wconf 89' lang='lat' dir='ltr'>vectus</span> <span class='ocrx_word' id='word_1_55' title='bbox 858 510 956 562; x_wconf 89' lang='lat' dir='ltr'>post</span> <span class='ocrx_word' id='word_1_56' title='bbox 983 508 1092 549; x_wconf 89' lang='lat' dir='ltr'>diem</span> <span class='ocrx_word' id='word_1_57' title='bbox 1119 511 1316 562; x_wconf 86' lang='lat' dir='ltr'>quartum</span> <span class='ocrx_word' id='word_1_58' title='bbox 1342 523 1437 549; x_wconf 89' lang='lat' dir='ltr'>cum</span> <span class='ocrx_word' id='word_1_59' title='bbox 1461 509 1601 563; x_wconf 85' lang='lat' dir='ltr'>longis</span> <span class='ocrx_word' id='word_1_60' title='bbox 1657 518 1661 566; x_wconf 75' lang='lat' dir='ltr'>j</span> 
     </span>
     <span class='ocr_line' id='line_1_11' title="bbox 265 571 1661 627; baseline 0 -14"><span class='ocrx_word' id='word_1_61' title='bbox 265 572 411 625; x_wconf 79' lang='lat' dir='ltr'>paucis</span> <span class='ocrx_word' id='word_1_62' title='bbox 448 573 625 613; x_wconf 87' lang='lat' dir='ltr'>navibus</span> <span class='ocrx_word' id='word_1_63' title='bbox 662 572 706 613; x_wconf 93' lang='lat' dir='ltr'>in</span> <span class='ocrx_word' id='word_1_64' title='bbox 745 574 1017 625; x_wconf 91' lang='lat' dir='ltr'>conspectum</span> <span class='ocrx_word' id='word_1_65' title='bbox 1048 571 1217 614; x_wconf 83' lang='lat' dir='ltr'>Africae</span> <span class='ocrx_word' id='word_1_66' title='bbox 1248 573 1381 627; x_wconf 78' lang='lat' dir='ltr'>venit3</span> <span class='ocrx_word' id='word_1_67' title='bbox 1420 587 1601 627; x_wconf 91' lang='lat' dir='ltr'>namque</span> <span class='ocrx_word' id='word_1_68' title='bbox 1660 595 1661 613; x_wconf 78' lang='grc'><strong>;</strong></span> 
     </span>
     <span class='ocr_line' id='line_1_12' title="bbox 267 637 1661 691; baseline 0.001 -14"><span class='ocrx_word' id='word_1_69' title='bbox 267 637 480 678; x_wconf 90' lang='lat' dir='ltr'>onerariae</span> <span class='ocrx_word' id='word_1_70' title='bbox 506 637 690 691; x_wconf 86' lang='lat' dir='ltr'>reliquae</span> <span class='ocrx_word' id='word_1_71' title='bbox 715 638 882 691; x_wconf 85' lang='lat' dir='ltr'>praeter</span> <span class='ocrx_word' id='word_1_72' title='bbox 905 650 1061 690; x_wconf 87' lang='lat' dir='ltr'>paucas</span> <span class='ocrx_word' id='word_1_73' title='bbox 1086 639 1212 679; x_wconf 81' lang='lat' dir='ltr'>vento</span> <span class='ocrx_word' id='word_1_74' title='bbox 1240 637 1451 691; x_wconf 82' lang='lat' dir='ltr'>dispersae</span> <span class='ocrx_word' id='word_1_75' title='bbox 1476 640 1602 691; x_wconf 87' lang='lat' dir='ltr'>atque</span> <span class='ocrx_word' id='word_1_76' title='bbox 1660 655 1661 683; x_wconf 70' lang='lat'><em>3</em></span> 
     </span>
     <span class='ocr_line' id='line_1_13' title="bbox 268 700 1601 755; baseline 0.002 -14"><span class='ocrx_word' id='word_1_77' title='bbox 268 701 525 743; x_wconf 79' lang='lat' dir='ltr'>errabundae</span> <span class='ocrx_word' id='word_1_78' title='bbox 575 701 740 742; x_wconf 85' lang='lat' dir='ltr'>diversa</span> <span class='ocrx_word' id='word_1_79' title='bbox 789 701 881 742; x_wconf 90' lang='lat' dir='ltr'>loca</span> <span class='ocrx_word' id='word_1_80' title='bbox 928 701 1148 754; x_wconf 86' lang='lat' dir='ltr'>petierant.</span> <span class='ocrx_word' id='word_1_81' title='bbox 1221 700 1421 755; x_wconf 83' lang='lat' dir='ltr'>Clupeam</span> <span class='ocrx_word' id='word_1_82' title='bbox 1470 701 1601 743; x_wconf 87' lang='lat' dir='ltr'>classe</span> 
     </span>
     <span class='ocr_line' id='line_1_14' title="bbox 266 764 1601 820; baseline 0.001 -15"><span class='ocrx_word' id='word_1_83' title='bbox 266 765 612 820; x_wconf 86' lang='lat' dir='ltr'>praetervehitur,</span> <span class='ocrx_word' id='word_1_84' title='bbox 645 765 740 806; x_wconf 90' lang='lat' dir='ltr'>dein</span> <span class='ocrx_word' id='word_1_85' title='bbox 769 764 1015 819; x_wconf 74' lang='lat' dir='ltr'>Neapolim,</span> <span class='ocrx_word' id='word_1_86' title='bbox 1048 765 1264 819; x_wconf 90' lang='lat' dir='ltr'>complura</span> <span class='ocrx_word' id='word_1_87' title='bbox 1293 768 1509 820; x_wconf 88' lang='lat' dir='ltr'>praeterea</span> <span class='ocrx_word' id='word_1_88' title='bbox 1539 780 1601 807; x_wconf 89' lang='lat' dir='ltr'>ca-</span> 
     </span>
     <span class='ocr_line' id='line_1_15' title="bbox 268 829 1356 884; baseline 0.001 -14"><span class='ocrx_word' id='word_1_89' title='bbox 268 829 391 871; x_wconf 87' lang='lat' dir='ltr'>stella</span> <span class='ocrx_word' id='word_1_90' title='bbox 421 832 463 871; x_wconf 93' lang='lat' dir='ltr'>et</span> <span class='ocrx_word' id='word_1_91' title='bbox 494 830 648 884; x_wconf 87' lang='lat' dir='ltr'>oppida</span> <span class='ocrx_word' id='word_1_92' title='bbox 679 844 764 870; x_wconf 92' lang='lat' dir='ltr'>non</span> <span class='ocrx_word' id='word_1_93' title='bbox 796 829 922 884; x_wconf 81' lang='lat' dir='ltr'>longe</span> <span class='ocrx_word' id='word_1_94' title='bbox 954 845 978 871; x_wconf 92' lang='lat' dir='ltr'>a</span> <span class='ocrx_word' id='word_1_95' title='bbox 1008 830 1115 871; x_wconf 89' lang='lat' dir='ltr'>mari</span> <span class='ocrx_word' id='word_1_96' title='bbox 1144 830 1356 884; x_wconf 71' lang='lat' dir='ltr'>relinquit.</span> 
     </span>
    </p>

    <p class='ocr_par' dir='ltr' id='par_1_8' title="bbox 267 892 1663 1138">
     <span class='ocr_line' id='line_1_16' title="bbox 355 892 1663 948; baseline 0.001 -14"><span class='ocrx_word' id='word_1_97' title='bbox 355 892 430 935; x_wconf 84' lang='lat'>111.</span> <span class='ocrx_word' id='word_1_98' title='bbox 479 893 712 948; x_wconf 87' lang='lat' dir='ltr'>Postquam</span> <span class='ocrx_word' id='word_1_99' title='bbox 744 895 800 935; x_wconf 80' lang='lat' dir='ltr'>ad</span> <span class='ocrx_word' id='word_1_100' title='bbox 822 893 1134 935; x_wconf 74' lang='lat' dir='ltr'>Hadrumetum</span> <span class='ocrx_word' id='word_1_101' title='bbox 1165 894 1352 948; x_wconf 86' lang='lat' dir='ltr'>accessit,</span> <span class='ocrx_word' id='word_1_102' title='bbox 1382 894 1456 935; x_wconf 90' lang='lat' dir='ltr'>ubi</span> <span class='ocrx_word' id='word_1_103' title='bbox 1486 908 1601 948; x_wconf 84' lang='lat' dir='ltr'>prae·</span> <span class='ocrx_word' id='word_1_104' title='bbox 1662 919 1663 922; x_wconf 62' lang='lat'><em>=</em></span> 
     </span>
     <span class='ocr_line' id='line_1_17' title="bbox 268 957 1602 1013; baseline 0.001 -14"><span class='ocrx_word' id='word_1_105' title='bbox 268 959 422 999; x_wconf 88' lang='lat' dir='ltr'>sidium</span> <span class='ocrx_word' id='word_1_106' title='bbox 455 961 544 999; x_wconf 87' lang='lat' dir='ltr'>erat</span> <span class='ocrx_word' id='word_1_107' title='bbox 575 958 930 1012; x_wconf 84' lang='lat' dir='ltr'>adversariorum,</span> <span class='ocrx_word' id='word_1_108' title='bbox 966 959 1033 1000; x_wconf 88' lang='grc'>0111</span> <span class='ocrx_word' id='word_1_109' title='bbox 1064 960 1256 1012; x_wconf 85' lang='lat' dir='ltr'>praeerat</span> <span class='ocrx_word' id='word_1_110' title='bbox 1292 957 1334 999; x_wconf 88' lang='lat' dir='ltr'>C.</span> <span class='ocrx_word' id='word_1_111' title='bbox 1368 957 1602 1013; x_wconf 84' lang='lat' dir='ltr'>Considius,</span> 
     </span>
     <span class='ocr_line' id='line_1_18' title="bbox 269 1022 1662 1077; baseline 0.001 -14"><span class='ocrx_word' id='word_1_112' title='bbox 269 1026 311 1063; x_wconf 91' lang='lat' dir='ltr'>et</span> <span class='ocrx_word' id='word_1_113' title='bbox 336 1037 360 1063; x_wconf 92' lang='lat' dir='ltr'>a</span> <span class='ocrx_word' id='word_1_114' title='bbox 385 1022 554 1076; x_wconf 85' lang='lat' dir='ltr'>Clupeis</span> <span class='ocrx_word' id='word_1_115' title='bbox 586 1022 816 1064; x_wconf 88' lang='lat' dir='ltr'>secundum</span> <span class='ocrx_word' id='word_1_116' title='bbox 847 1036 965 1063; x_wconf 91' lang='lat' dir='ltr'>oram</span> <span class='ocrx_word' id='word_1_117' title='bbox 996 1022 1253 1063; x_wconf 70' lang='lat' dir='ltr'>maritimam</span> <span class='ocrx_word' id='word_1_118' title='bbox 1285 1037 1379 1063; x_wconf 92' lang='lat' dir='ltr'>cum</span> <span class='ocrx_word' id='word_1_119' title='bbox 1411 1023 1602 1077; x_wconf 88' lang='lat' dir='ltr'>equitatu</span> <span class='ocrx_word' id='word_1_120' title='bbox 1661 1030 1662 1033; x_wconf 76' lang='grc'>’</span> 
     </span>
     <span class='ocr_line' id='line_1_19' title="bbox 267 1085 1602 1138; baseline 0.001 -11"><span class='ocrx_word' id='word_1_121' title='bbox 267 1086 577 1127; x_wconf 73' lang='lat' dir='ltr'>Hadrumetum</span> <span class='ocrx_word' id='word_1_122' title='bbox 595 1090 736 1138; x_wconf 70' lang='lat' dir='ltr'>petens</span> <span class='ocrx_word' id='word_1_123' title='bbox 762 1085 832 1127; x_wconf 90' lang='lat' dir='ltr'>Cn.</span> <span class='ocrx_word' id='word_1_124' title='bbox 852 1085 953 1127; x_wconf 87' lang='lat' dir='ltr'>Piso</span> <span class='ocrx_word' id='word_1_125' title='bbox 974 1101 1069 1128; x_wconf 90' lang='lat' dir='ltr'>cum</span> <span class='ocrx_word' id='word_1_126' title='bbox 1089 1086 1248 1127; x_wconf 88' lang='lat' dir='ltr'>Mauris</span> <span class='ocrx_word' id='word_1_127' title='bbox 1274 1087 1440 1128; x_wconf 79' lang='lat' dir='ltr'>circiter</span> <span class='ocrx_word' id='word_1_128' title='bbox 1464 1088 1602 1129; x_wconf 90' lang='lat' dir='ltr'>tribus</span> 
     </span>
    </p>
   </div>
   <div class='ocr_carea' id='block_1_8' title="bbox 268 1149 1663 1205">
    <p class='ocr_par' dir='ltr' id='par_1_9' title="bbox 268 1149 1663 1205">
     <span class='ocr_line' id='line_1_20' title="bbox 268 1149 1663 1205; baseline 0.001 -14"><span class='ocrx_word' id='word_1_129' title='bbox 268 1151 441 1192; x_wconf 88' lang='lat' dir='ltr'>milibus</span> <span class='ocrx_word' id='word_1_130' title='bbox 485 1150 697 1204; x_wconf 87' lang='lat' dir='ltr'>apparuit,</span> <span class='ocrx_word' id='word_1_131' title='bbox 740 1150 800 1191; x_wconf 88' lang='lat' dir='ltr'>ibi</span> <span class='ocrx_word' id='word_1_132' title='bbox 841 1150 1058 1205; x_wconf 77' lang='lat' dir='ltr'>paulisper</span> <span class='ocrx_word' id='word_1_133' title='bbox 1101 1149 1252 1191; x_wconf 86' lang='lat' dir='ltr'>Caesar</span> <span class='ocrx_word' id='word_1_134' title='bbox 1294 1153 1390 1192; x_wconf 89' lang='lat' dir='ltr'>ante</span> <span class='ocrx_word' id='word_1_135' title='bbox 1431 1154 1601 1205; x_wconf 90' lang='lat' dir='ltr'>portum</span> <span class='ocrx_word' id='word_1_136' title='bbox 1662 1169 1663 1187; x_wconf 63' lang='grc'>1</span> 
     </span>
    </p>
   </div>
   <div class='ocr_carea' id='block_1_9' title="bbox 269 1213 1663 1269">
    <p class='ocr_par' dir='ltr' id='par_1_10' title="bbox 269 1213 1663 1269">
     <span class='ocr_line' id='line_1_21' title="bbox 269 1213 1663 1269; baseline 0.001 -13"><span class='ocrx_word' id='word_1_137' title='bbox 269 1217 570 1269; x_wconf 85' lang='lat' dir='ltr'>commoratus,</span> <span class='ocrx_word' id='word_1_138' title='bbox 602 1214 702 1255; x_wconf 91' lang='lat' dir='ltr'>dum</span> <span class='ocrx_word' id='word_1_139' title='bbox 733 1213 919 1268; x_wconf 90' lang='lat' dir='ltr'>reliquae</span> <span class='ocrx_word' id='word_1_140' title='bbox 950 1229 1078 1256; x_wconf 84' lang='lat' dir='ltr'>naves</span> <span class='ocrx_word' id='word_1_141' title='bbox 1109 1214 1398 1269; x_wconf 84' lang='lat' dir='ltr'>convenirent,</span> <span class='ocrx_word' id='word_1_142' title='bbox 1429 1217 1603 1269; x_wconf 85' lang='lat' dir='ltr'>exponit</span> <span class='ocrx_word' id='word_1_143' title='bbox 1662 1215 1663 1218; x_wconf 54' lang='lat'>&#39;</span> 
     </span>
    </p>
   </div>
   <div class='ocr_carea' id='block_1_10' title="bbox 269 1278 1664 1334">
    <p class='ocr_par' dir='ltr' id='par_1_11' title="bbox 269 1278 1664 1334">
     <span class='ocr_line' id='line_1_22' title="bbox 269 1278 1664 1334; baseline 0 -13"><span class='ocrx_word' id='word_1_144' title='bbox 269 1280 517 1334; x_wconf 79' lang='lat' dir='ltr'>exercitum,</span> <span class='ocrx_word' id='word_1_145' title='bbox 555 1279 674 1320; x_wconf 88' lang='lat' dir='ltr'>cuius</span> <span class='ocrx_word' id='word_1_146' title='bbox 712 1293 912 1320; x_wconf 86' lang='lat' dir='ltr'>numerus</span> <span class='ocrx_word' id='word_1_147' title='bbox 949 1279 994 1320; x_wconf 93' lang='lat' dir='ltr'>in</span> <span class='ocrx_word' id='word_1_148' title='bbox 1030 1278 1268 1332; x_wconf 88' lang='lat' dir='ltr'>praesentia</span> <span class='ocrx_word' id='word_1_149' title='bbox 1299 1278 1382 1319; x_wconf 86' lang='lat' dir='ltr'>fuit</span> <span class='ocrx_word' id='word_1_150' title='bbox 1411 1279 1601 1333; x_wconf 88' lang='lat' dir='ltr'>peditum</span> <span class='ocrx_word' id='word_1_151' title='bbox 1663 1315 1664 1320; x_wconf 71' lang='grc'>,</span> 
     </span>
    </p>
   </div>
   <div class='ocr_carea' id='block_1_11' title="bbox 268 1343 1664 1657">
    <p class='ocr_par' dir='ltr' id='par_1_12' title="bbox 268 1343 1664 1657">
     <span class='ocr_line' id='line_1_23' title="bbox 268 1343 1663 1398; baseline 0 -13"><span class='ocrx_word' id='word_1_152' title='bbox 268 1357 319 1385; x_wconf 89' lang='lat'>111</span> <span class='ocrx_word' id='word_1_153' title='bbox 350 1344 485 1397; x_wconf 88' lang='lat' dir='ltr'>milia,</span> <span class='ocrx_word' id='word_1_154' title='bbox 523 1343 686 1398; x_wconf 87' lang='lat' dir='ltr'>equites</span> <span class='ocrx_word' id='word_1_155' title='bbox 719 1354 794 1397; x_wconf 87' lang='lat' dir='ltr'>CL,</span> <span class='ocrx_word' id='word_1_156' title='bbox 826 1344 1058 1398; x_wconf 87' lang='lat' dir='ltr'>castrisque</span> <span class='ocrx_word' id='word_1_157' title='bbox 1090 1346 1186 1384; x_wconf 90' lang='lat' dir='ltr'>ante</span> <span class='ocrx_word' id='word_1_158' title='bbox 1219 1343 1420 1396; x_wconf 85' lang='lat' dir='ltr'>oppidum</span> <span class='ocrx_word' id='word_1_159' title='bbox 1450 1344 1602 1397; x_wconf 88' lang='lat' dir='ltr'>positis</span> <span class='ocrx_word' id='word_1_160' title='bbox 1662 1365 1663 1368; x_wconf 40' lang='lat'>¹</span> 
     </span>
     <span class='ocr_line' id='line_1_24' title="bbox 270 1407 1604 1461; baseline 0 -11"><span class='ocrx_word' id='word_1_161' title='bbox 270 1409 359 1451; x_wconf 91' lang='lat' dir='ltr'>sine</span> <span class='ocrx_word' id='word_1_162' title='bbox 396 1408 550 1449; x_wconf 88' lang='lat' dir='ltr'>iniuria</span> <span class='ocrx_word' id='word_1_163' title='bbox 590 1407 837 1461; x_wconf 88' lang='lat' dir='ltr'>cuiusquam</span> <span class='ocrx_word' id='word_1_164' title='bbox 881 1408 1062 1450; x_wconf 88' lang='lat' dir='ltr'>considit</span> <span class='ocrx_word' id='word_1_165' title='bbox 1102 1407 1354 1461; x_wconf 84' lang='lat' dir='ltr'>cohibetque</span> <span class='ocrx_word' id='word_1_166' title='bbox 1397 1422 1542 1449; x_wconf 90' lang='lat' dir='ltr'>omnes</span> <span class='ocrx_word' id='word_1_167' title='bbox 1579 1424 1604 1450; x_wconf 91' lang='lat' dir='ltr'>a</span> 
     </span>
     <span class='ocr_line' id='line_1_25' title="bbox 269 1471 1603 1528; baseline -0.001 -13"><span class='ocrx_word' id='word_1_168' title='bbox 269 1473 434 1528; x_wconf 87' lang='lat' dir='ltr'>praeda.</span> <span class='ocrx_word' id='word_1_169' title='bbox 501 1471 711 1526; x_wconf 87' lang='lat' dir='ltr'>Oppidani</span> <span class='ocrx_word' id='word_1_170' title='bbox 754 1472 925 1514; x_wconf 86' lang='lat' dir='ltr'>interim</span> <span class='ocrx_word' id='word_1_171' title='bbox 967 1487 1111 1513; x_wconf 91' lang='lat' dir='ltr'>muros</span> <span class='ocrx_word' id='word_1_172' title='bbox 1158 1472 1329 1512; x_wconf 88' lang='lat' dir='ltr'>armatis</span> <span class='ocrx_word' id='word_1_173' title='bbox 1380 1472 1603 1528; x_wconf 86' lang='lat' dir='ltr'>complent,</span> 
     </span>
     <span class='ocr_line' id='line_1_26' title="bbox 270 1536 1602 1592; baseline 0.001 -12"><span class='ocrx_word' id='word_1_174' title='bbox 270 1541 366 1580; x_wconf 87' lang='lat' dir='ltr'>ante</span> <span class='ocrx_word' id='word_1_175' title='bbox 396 1540 562 1592; x_wconf 88' lang='lat' dir='ltr'>portam</span> <span class='ocrx_word' id='word_1_176' title='bbox 592 1537 834 1590; x_wconf 84' lang='lat' dir='ltr'>frequentes</span> <span class='ocrx_word' id='word_1_177' title='bbox 866 1536 1093 1578; x_wconf 88' lang='lat' dir='ltr'>considunt</span> <span class='ocrx_word' id='word_1_178' title='bbox 1124 1537 1176 1578; x_wconf 88' lang='lat' dir='ltr'>ad</span> <span class='ocrx_word' id='word_1_179' title='bbox 1207 1551 1251 1578; x_wconf 91' lang='lat' dir='ltr'>se</span> <span class='ocrx_word' id='word_1_180' title='bbox 1280 1536 1602 1592; x_wconf 86' lang='lat' dir='ltr'>defendendum;</span> 
     </span>
     <span class='ocr_line' id='line_1_27' title="bbox 271 1590 1664 1657; baseline -0.001 -13"><span class='ocrx_word' id='word_1_181' title='bbox 271 1617 451 1657; x_wconf 86' lang='lat' dir='ltr'>quorum</span> <span class='ocrx_word' id='word_1_182' title='bbox 476 1616 675 1642; x_wconf 85' lang='lat' dir='ltr'>numerus</span> <span class='ocrx_word' id='word_1_183' title='bbox 702 1601 878 1642; x_wconf 88' lang='lat' dir='ltr'>duarum</span> <span class='ocrx_word' id='word_1_184' title='bbox 902 1600 1118 1655; x_wconf 82' lang='lat' dir='ltr'>legionum</span> <span class='ocrx_word' id='word_1_185' title='bbox 1144 1600 1278 1641; x_wconf 87' lang='lat' dir='ltr'>instar</span> <span class='ocrx_word' id='word_1_186' title='bbox 1303 1603 1401 1641; x_wconf 89' lang='lat' dir='ltr'>erat.</span> <span class='ocrx_word' id='word_1_187' title='bbox 1452 1599 1604 1643; x_wconf 82' lang='lat' dir='ltr'>Caesar</span> <span class='ocrx_word' id='word_1_188' title='bbox 1662 1590 1664 1600; x_wconf 35' lang='grc' dir='ltr'>Ι</span> 
     </span>
    </p>
   </div>
   <div class='ocr_carea' id='block_1_12' title="bbox 271 1664 1663 1720">
    <p class='ocr_par' dir='ltr' id='par_1_13' title="bbox 271 1664 1663 1720">
     <span class='ocr_line' id='line_1_28' title="bbox 271 1664 1663 1720; baseline -0.001 -12"><span class='ocrx_word' id='word_1_189' title='bbox 271 1667 427 1709; x_wconf 86' lang='lat' dir='ltr'>circum</span> <span class='ocrx_word' id='word_1_190' title='bbox 459 1666 660 1720; x_wconf 88' lang='lat' dir='ltr'>oppidum</span> <span class='ocrx_word' id='word_1_191' title='bbox 685 1667 830 1707; x_wconf 86' lang='lat' dir='ltr'>vectus</span> <span class='ocrx_word' id='word_1_192' title='bbox 861 1667 1012 1706; x_wconf 85' lang='lat' dir='ltr'>natura</span> <span class='ocrx_word' id='word_1_193' title='bbox 1040 1665 1124 1707; x_wconf 90' lang='lat' dir='ltr'>loci</span> <span class='ocrx_word' id='word_1_194' title='bbox 1154 1667 1373 1719; x_wconf 88' lang='lat' dir='ltr'>perspecta</span> <span class='ocrx_word' id='word_1_195' title='bbox 1403 1664 1530 1707; x_wconf 89' lang='lat' dir='ltr'>rediit</span> <span class='ocrx_word' id='word_1_196' title='bbox 1558 1666 1603 1707; x_wconf 90' lang='lat' dir='ltr'>in</span> <span class='ocrx_word' id='word_1_197' title='bbox 1662 1668 1663 1684; x_wconf 72' lang='lat'>³</span> 
     </span>
    </p>
   </div>
   <div class='ocr_carea' id='block_1_13' title="bbox 271 1723 1663 1850">
    <p class='ocr_par' dir='ltr' id='par_1_14' title="bbox 271 1723 1663 1850">
     <span class='ocr_line' id='line_1_29' title="bbox 271 1723 1663 1784; baseline -0.001 -11"><span class='ocrx_word' id='word_1_198' title='bbox 271 1734 417 1773; x_wconf 87' lang='lat' dir='ltr'>castra.</span> <span class='ocrx_word' id='word_1_199' title='bbox 489 1730 713 1772; x_wconf 90' lang='lat' dir='ltr'>Nonnemo</span> <span class='ocrx_word' id='word_1_200' title='bbox 762 1729 909 1783; x_wconf 88' lang='lat' dir='ltr'>culpae</span> <span class='ocrx_word' id='word_1_201' title='bbox 958 1730 1048 1770; x_wconf 90' lang='lat' dir='ltr'>eius</span> <span class='ocrx_word' id='word_1_202' title='bbox 1097 1729 1486 1784; x_wconf 85' lang='lat' dir='ltr'>imprudentiaeque</span> <span class='ocrx_word' id='word_1_203' title='bbox 1536 1731 1603 1772; x_wconf 88' lang='lat' dir='ltr'>ad·</span> <span class='ocrx_word' id='word_1_204' title='bbox 1662 1723 1663 1748; x_wconf 60' lang='lat'>3</span> 
     </span>
     <span class='ocr_line' id='line_1_30' title="bbox 271 1789 1663 1850; baseline -0.001 -13"><span class='ocrx_word' id='word_1_205' title='bbox 271 1796 478 1850; x_wconf 83' lang='lat' dir='ltr'>signabat,</span> <span class='ocrx_word' id='word_1_206' title='bbox 510 1795 622 1849; x_wconf 93' lang='lat' dir='ltr'>quod</span> <span class='ocrx_word' id='word_1_207' title='bbox 646 1808 782 1848; x_wconf 90' lang='lat' dir='ltr'>neque</span> <span class='ocrx_word' id='word_1_208' title='bbox 809 1794 966 1835; x_wconf 89' lang='lat' dir='ltr'>circum</span> <span class='ocrx_word' id='word_1_209' title='bbox 992 1793 1085 1835; x_wconf 90' lang='lat' dir='ltr'>loca</span> <span class='ocrx_word' id='word_1_210' title='bbox 1109 1793 1462 1848; x_wconf 84' lang='lat' dir='ltr'>gubernatoribus</span> <span class='ocrx_word' id='word_1_211' title='bbox 1487 1808 1603 1847; x_wconf 77' lang='lat' dir='ltr'>prae·</span> <span class='ocrx_word' id='word_1_212' title='bbox 1662 1789 1663 1793; x_wconf 29' lang='lat'>¹</span> 
     </span>
    </p>
   </div>
   <div class='ocr_carea' id='block_1_14' title="bbox 231 1858 1603 1913">
    <p class='ocr_par' dir='ltr' id='par_1_15' title="bbox 231 1851 1665 1913">
     <span class='ocr_line' id='line_1_31' title="bbox 231 1858 1603 1913; baseline -0.001 -12"><span class='ocrx_word' id='word_1_213' title='bbox 231 1901 232 1905; x_wconf 67' lang='grc'>,</span> <span class='ocrx_word' id='word_1_214' title='bbox 269 1860 493 1913; x_wconf 79' lang='lat' dir='ltr'>sectisque,</span> <span class='ocrx_word' id='word_1_215' title='bbox 531 1858 633 1912; x_wconf 88' lang='lat' dir='ltr'>quid</span> <span class='ocrx_word' id='word_1_216' title='bbox 668 1860 877 1912; x_wconf 90' lang='lat' dir='ltr'>peterent,</span> <span class='ocrx_word' id='word_1_217' title='bbox 913 1860 1184 1912; x_wconf 86' lang='lat' dir='ltr'>praeceperat</span> <span class='ocrx_word' id='word_1_218' title='bbox 1220 1871 1373 1911; x_wconf 91' lang='lat' dir='ltr'>neque,</span> <span class='ocrx_word' id='word_1_219' title='bbox 1409 1860 1458 1898; x_wconf 93' lang='lat' dir='ltr'>ut</span> <span class='ocrx_word' id='word_1_220' title='bbox 1487 1873 1603 1900; x_wconf 86' lang='lat' dir='ltr'>more</span> 
     </span>
    </p>
   </div>
   <div class='ocr_carea' id='block_1_15' title="bbox 271 1921 1666 1976">
    <p class='ocr_par' dir='ltr' id='par_1_16' title="bbox 271 1921 1666 1976">
     <span class='ocr_line' id='line_1_32' title="bbox 271 1921 1666 1976; baseline -0.001 -11"><span class='ocrx_word' id='word_1_221' title='bbox 271 1925 453 1966; x_wconf 71' lang='lat' dir='ltr'>omnium</span> <span class='ocrx_word' id='word_1_222' title='bbox 510 1923 644 1976; x_wconf 90' lang='lat' dir='ltr'>ipsius</span> <span class='ocrx_word' id='word_1_223' title='bbox 695 1922 953 1963; x_wconf 89' lang='lat' dir='ltr'>consuetudo</span> <span class='ocrx_word' id='word_1_224' title='bbox 1004 1921 1293 1976; x_wconf 88' lang='lat' dir='ltr'>superioribus</span> <span class='ocrx_word' id='word_1_225' title='bbox 1341 1922 1604 1975; x_wconf 88' lang='lat' dir='ltr'>temporibus</span> <span class='ocrx_word' id='word_1_226' title='bbox 1662 1941 1666 1964; x_wconf 60' lang='lat' dir='ltr'><em>z</em></span> 
     </span>
    </p>
   </div>
   <div class='ocr_carea' id='block_1_16' title="bbox 271 1986 1604 2106">
    <p class='ocr_par' dir='ltr' id='par_1_17' title="bbox 271 1972 1665 2106">
     <span class='ocr_line' id='line_1_33' title="bbox 271 1986 1604 2042; baseline -0.002 -13"><span class='ocrx_word' id='word_1_227' title='bbox 271 1989 426 2042; x_wconf 90' lang='lat' dir='ltr'>fuerat,</span> <span class='ocrx_word' id='word_1_228' title='bbox 468 1987 645 2028; x_wconf 89' lang='lat' dir='ltr'>tabellas</span> <span class='ocrx_word' id='word_1_229' title='bbox 690 1986 877 2040; x_wconf 81' lang='lat' dir='ltr'>signatas</span> <span class='ocrx_word' id='word_1_230' title='bbox 916 1986 1104 2040; x_wconf 83' lang='lat' dir='ltr'>dederat,</span> <span class='ocrx_word' id='word_1_231' title='bbox 1146 1988 1195 2027; x_wconf 93' lang='lat' dir='ltr'>ut</span> <span class='ocrx_word' id='word_1_232' title='bbox 1231 1986 1275 2026; x_wconf 91' lang='lat' dir='ltr'>in</span> <span class='ocrx_word' id='word_1_233' title='bbox 1311 1988 1500 2039; x_wconf 91' lang='lat' dir='ltr'>tempore</span> <span class='ocrx_word' id='word_1_234' title='bbox 1535 1986 1604 2028; x_wconf 92' lang='lat' dir='ltr'>his</span> 
     </span>
     <span class='ocr_line' id='line_1_34' title="bbox 272 2048 1604 2106; baseline -0.002 -13"><span class='ocrx_word' id='word_1_235' title='bbox 272 2052 467 2106; x_wconf 88' lang='lat' dir='ltr'>perlectis</span> <span class='ocrx_word' id='word_1_236' title='bbox 503 2051 642 2092; x_wconf 84' lang='lat' dir='ltr'>locum</span> <span class='ocrx_word' id='word_1_237' title='bbox 681 2053 840 2091; x_wconf 84' lang='lat' dir='ltr'>certum</span> <span class='ocrx_word' id='word_1_238' title='bbox 878 2052 1069 2104; x_wconf 90' lang='lat' dir='ltr'>peterent</span> <span class='ocrx_word' id='word_1_239' title='bbox 1107 2048 1303 2090; x_wconf 88' lang='lat' dir='ltr'>universi.</span> <span class='ocrx_word' id='word_1_240' title='bbox 1371 2048 1492 2098; x_wconf 83' lang='lat' dir='ltr'>Quod</span> <span class='ocrx_word' id='word_1_241' title='bbox 1528 2050 1604 2090; x_wconf 92' lang='lat' dir='ltr'>mi—</span> 
     </span>
    </p>
   </div>
   <div class='ocr_carea' id='block_1_17' title="bbox 272 2113 1667 2169">
    <p class='ocr_par' dir='ltr' id='par_1_18' title="bbox 272 2113 1667 2169">
     <span class='ocr_line' id='line_1_35' title="bbox 272 2113 1667 2169; baseline -0.001 -12"><span class='ocrx_word' id='word_1_242' title='bbox 272 2116 384 2157; x_wconf 89' lang='lat' dir='ltr'>nime</span> <span class='ocrx_word' id='word_1_243' title='bbox 405 2115 623 2157; x_wconf 89' lang='lat' dir='ltr'>Caesarem</span> <span class='ocrx_word' id='word_1_244' title='bbox 642 2115 866 2169; x_wconf 80' lang='lat' dir='ltr'>fefellerat3</span> <span class='ocrx_word' id='word_1_245' title='bbox 891 2128 1072 2168; x_wconf 89' lang='lat' dir='ltr'>namque</span> <span class='ocrx_word' id='word_1_246' title='bbox 1096 2113 1260 2154; x_wconf 88' lang='lat' dir='ltr'>nullum</span> <span class='ocrx_word' id='word_1_247' title='bbox 1278 2116 1449 2167; x_wconf 89' lang='lat' dir='ltr'>portum</span> <span class='ocrx_word' id='word_1_248' title='bbox 1469 2116 1604 2156; x_wconf 88' lang='lat' dir='ltr'>terrae</span> <span class='ocrx_word' id='word_1_249' title='bbox 1664 2116 1667 2130; x_wconf 78' lang='lat'><strong>²</strong></span> 
     </span>
    </p>
   </div>
   <div class='ocr_carea' id='block_1_18' title="bbox 272 2179 1605 2362">
    <p class='ocr_par' dir='ltr' id='par_1_19' title="bbox 272 2179 1605 2362">
     <span class='ocr_line' id='line_1_36' title="bbox 272 2179 1605 2235; baseline -0.002 -14"><span class='ocrx_word' id='word_1_250' title='bbox 272 2180 458 2235; x_wconf 87' lang='lat' dir='ltr'>Africae,</span> <span class='ocrx_word' id='word_1_251' title='bbox 509 2195 590 2234; x_wconf 92' lang='lat' dir='ltr'>quo</span> <span class='ocrx_word' id='word_1_252' title='bbox 642 2179 794 2220; x_wconf 90' lang='lat' dir='ltr'>classes</span> <span class='ocrx_word' id='word_1_253' title='bbox 845 2179 1130 2232; x_wconf 88' lang='lat' dir='ltr'>decurrerent,</span> <span class='ocrx_word' id='word_1_254' title='bbox 1179 2192 1256 2232; x_wconf 88' lang='lat' dir='ltr'>pro</span> <span class='ocrx_word' id='word_1_255' title='bbox 1303 2180 1417 2219; x_wconf 89' lang='lat' dir='ltr'>certo</span> <span class='ocrx_word' id='word_1_256' title='bbox 1464 2181 1605 2219; x_wconf 90' lang='lat' dir='ltr'>tutum</span> 
     </span>
     <span class='ocr_line' id='line_1_37' title="bbox 274 2241 1604 2298; baseline -0.003 -12"><span class='ocrx_word' id='word_1_257' title='bbox 274 2245 325 2286; x_wconf 90' lang='lat' dir='ltr'>ab</span> <span class='ocrx_word' id='word_1_258' title='bbox 369 2245 556 2286; x_wconf 89' lang='lat' dir='ltr'>hostium</span> <span class='ocrx_word' id='word_1_259' title='bbox 593 2244 800 2298; x_wconf 86' lang='lat' dir='ltr'>praesidio</span> <span class='ocrx_word' id='word_1_260' title='bbox 837 2243 926 2284; x_wconf 88' lang='lat' dir='ltr'>fore</span> <span class='ocrx_word' id='word_1_261' title='bbox 964 2242 1275 2296; x_wconf 87' lang='lat' dir='ltr'>suspicabatur,</span> <span class='ocrx_word' id='word_1_262' title='bbox 1319 2242 1391 2283; x_wconf 88' lang='lat' dir='ltr'>sed</span> <span class='ocrx_word' id='word_1_263' title='bbox 1427 2241 1604 2283; x_wconf 89' lang='lat' dir='ltr'>fortuito</span> 
     </span>
     <span class='ocr_line' id='line_1_38' title="bbox 275 2306 1308 2362; baseline -0.004 -12"><span class='ocrx_word' id='word_1_264' title='bbox 275 2309 459 2350; x_wconf 90' lang='lat' dir='ltr'>oblatam</span> <span class='ocrx_word' id='word_1_265' title='bbox 492 2308 752 2350; x_wconf 88' lang='lat' dir='ltr'>occasionem</span> <span class='ocrx_word' id='word_1_266' title='bbox 785 2321 979 2362; x_wconf 84' lang='lat' dir='ltr'>egressus</span> <span class='ocrx_word' id='word_1_267' title='bbox 1012 2306 1308 2360; x_wconf 84' lang='lat' dir='ltr'>aucupabatur.</span> 
     </span>
    </p>
   </div>
   <div class='ocr_carea' id='block_1_19' title="bbox 1641 0 1669 2574">
    <p class='ocr_par' dir='ltr' id='par_1_20' title="bbox 1641 0 1669 2574">
     <span class='ocr_line' id='line_1_39' title="bbox 1641 0 1669 2574; baseline 0 0"><span class='ocrx_word' id='word_1_268' title='bbox 1641 0 1669 2574; x_wconf 95' lang='lat' dir='ltr'> </span> 
     </span>
    </p>
   </div>
  </div>
 </body>
</html>
