1638 2600
420 84 519 120 cAP.
547 82 951 118 Lxxvm-Lxxxn.
1303 83 1359 124 95

24 183 75 226 ad
99 182 316 236 Thapsum
341 180 490 222 relicta
520 179 704 234 reliquas
736 193 862 220 naves
896 178 1013 219 iubet
1044 180 1142 232 post
1172 177 1361 219 hostium

24 251 190 302 tergum
216 260 343 301 quam
367 245 550 286 maxime
577 244 629 285 ad
653 243 755 284 litus
782 242 937 297 adpelli
963 242 1216 297 signumque
1237 256 1361 282 suum

25 312 257 364 observare,
289 323 372 364 quo
404 309 526 363 signo
560 308 656 349 dato
690 307 831 348 subito
865 306 1045 348 clamore
1071 306 1183 348 facto
1210 321 1262 347 ex
1287 306 1361 346 im-

23 375 192 432 proviso
222 374 418 415 hostibus
457 372 614 414 aversis
652 372 890 413 incuterent
927 374 1150 425 terrorem,
1187 373 1235 412 ut
1270 384 1362 424 per-

23 439 183 484 turbati
220 453 268 480 ac
304 437 520 492 perterriti
558 437 765 491 respicere
802 438 901 490 post
937 438 1058 490 terga
1100 437 1360 490 cogerentur.

108 501 298 544 LXXXI.
350 501 442 551 Quo
468 504 695 555 postquam
716 499 868 541 Caesar
892 500 1087 554 pervenit
1112 502 1154 541 et
1180 499 1362 540 animad-
1390 510 1407 540 1

22 567 151 611 vertit
194 567 325 608 aciem
368 580 445 620 pro
489 565 600 606 vallo
643 563 852 619 Scipionis
898 563 1083 619 [contra]
1128 563 1363 618 elephantis

24 633 170 675 dextro
209 631 466 685 sinistroque
505 644 634 671 cornu
674 629 921 683 conlocatis,
966 631 1008 670 et
1051 628 1184 669 nihilo
1222 629 1363 669 minus

22 699 186 753 partem
217 695 403 736 militum
437 697 574 736 castra
604 708 689 735 non
715 693 926 748 ignaviter
950 693 1128 746 munire,
1160 692 1250 746 ipse
1277 692 1363 733 acie

23 761 180 816 triplici
231 759 466 813 conlocata,
514 758 681 813 legione
727 769 759 799 X
806 769 979 812 X111que
1029 757 1177 798 dextro
1222 771 1365 810 cornU,

23 837 101 868 XIV
133 827 175 866 et
206 836 255 865 IX
281 823 454 864 sinistro
488 823 713 877 oppositis,
754 823 940 877 quinque
979 821 1170 877 legiones
1190 855 1198 862 .
1221 855 1228 862 .
1250 855 1258 862 .
1280 855 1288 862 .
1320 822 1364 862 in

24 892 173 946 quarta
213 888 301 930 acie
343 888 395 929 ad
432 888 524 941 ipsa
562 901 718 928 cornua
757 887 896 941 quinis
936 885 1180 927 cohortibus
1219 887 1366 926 contra

24 954 180 998 bestias
213 952 461 1006 conlocatis,
493 952 744 1006 sagittariis,
778 951 1066 992 funditoribus
1097 950 1142 992 in
1173 950 1365 1004 utrisque

25 1021 222 1064 cornibus
243 1017 461 1072 dispositis
480 1016 649 1071 levique
675 1018 889 1057 armatura
913 1015 1025 1056 inter
1051 1014 1214 1069 equites
1239 1014 1366 1055 inter-

24 1086 147 1139 iecta,
191 1083 282 1137 ipse
325 1081 504 1136 pedibus
549 1082 707 1122 circum
747 1080 906 1122 milites
945 1093 1199 1121 concursans
1235 1078 1366 1120 virtu-

25 1152 171 1204 tesque
196 1149 493 1189 veteranorum
524 1146 770 1200 proeliaque
795 1145 1014 1199 superiora
1034 1157 1366 1185 commemorans

25 1213 259 1266 blandeque
292 1210 510 1265 appellans
543 1210 705 1251 animos
738 1225 885 1251 eorum
917 1209 1139 1251 excitabat.
1189 1207 1366 1249 Tirones
1393 1220 1414 1250 2

27 1279 182 1331 autem,
215 1276 287 1331 qui
319 1289 551 1329 numquam
582 1275 626 1315 in
660 1274 748 1315 acie
780 1274 1067 1327 dimicassent,
1104 1272 1367 1326 hortabatur,

26 1344 73 1385 ut
107 1343 404 1383 veteranorum
441 1338 644 1379 virtutem
684 1338 997 1380 aemularentur
1037 1351 1266 1391 eorumque
1309 1336 1367 1377 fa-

27 1421 148 1460 mam,
179 1405 332 1459 locum,
364 1417 518 1444 nomen
549 1403 729 1444 victoria
760 1405 883 1458 parta
914 1404 1116 1456 cuperent
1140 1401 1367 1455 possidere.

110 1467 323 1512 LXXXII.
385 1467 535 1522 Itaque
567 1467 609 1508 in
638 1467 935 1509 circumeundo
968 1466 1155 1508 exercitu
1185 1465 1367 1506 animad-
1396 1479 1413 1508 1

27 1535 154 1579 vertit
177 1534 322 1575 hostes
350 1533 460 1575 circa
477 1531 638 1574 vallum
664 1532 875 1587 trepidare
897 1534 1023 1586 atque
1043 1530 1156 1571 ultro
1178 1531 1368 1585 citroque

28 1599 199 1656 pavidos
237 1611 486 1640 concursare
525 1599 567 1638 et
604 1595 730 1637 modo
769 1612 812 1638 se
850 1597 963 1638 intra
993 1598 1139 1650 portas
1171 1595 1370 1649 recipere,

28 1664 150 1707 modo
182 1664 472 1705 inconstanter
502 1661 863 1716 immoderateque
888 1660 1069 1715 prodire.
1127 1658 1232 1700 Cum
1258 1659 1369 1700 idem
1396 1672 1417 1702 2

31 1743 55 1771 a
92 1729 285 1784 pluribus
330 1726 607 1769 animadverti
647 1728 843 1780 coeptum
883 1728 1010 1779 esset,
1055 1724 1196 1765 subito
1239 1723 1371 1778 legati

31 1793 273 1848 evocatique
311 1792 530 1834 obsecrare
575 1790 814 1844 Caesarem,
857 1805 908 1831 ne
947 1789 1161 1831 dubitaret
1199 1789 1370 1843 signum

32 1858 142 1900 dare:
172 1856 394 1899 victoriam
426 1856 509 1897 sibi
539 1855 756 1910 propriam
787 1869 810 1895 a
836 1854 900 1895 dis
932 1852 1246 1895 immortalibus
1277 1867 1371 1907 por-

31 1923 154 1964 tendi.
214 1921 449 1963 Dubitante
485 1919 662 1962 Caesare
701 1922 828 1974 atque
861 1933 1006 1960 eorum
1039 1918 1178 1960 studio
1213 1917 1370 1972 cupidi·
1397 1930 1417 1959 3

31 1987 189 2041 tatique
208 1986 431 2027 resistente
452 1985 619 2039 sibique
641 1985 862 2039 eruptione
887 1983 1069 2039 pugnari
1094 1997 1179 2024 non
1205 1982 1370 2037 placere

32 2049 281 2105 clamitante,
307 2050 435 2092 etiam
462 2053 589 2104 atque
616 2050 744 2091 etiam
772 2049 904 2090 aciem
925 2049 1202 2101 sustentante,
1228 2047 1370 2088 subito

33 2114 176 2157 dextro
209 2130 339 2157 cornu
370 2115 534 2156 iniussu
567 2113 759 2156 Caesaris
791 2113 963 2155 tubicen
998 2127 1023 2153 a
1058 2111 1268 2153 militibus
1307 2125 1372 2152 co-

33 2182 147 2222 actus
174 2195 320 2222 canere
346 2179 495 2234 coepit.
548 2178 639 2228 Quo
665 2179 778 2220 facto
805 2178 857 2219 ab
883 2178 1093 2220 universis
1125 2176 1370 2218 cohortibus
1397 2187 1420 2217 4

33 2242 151 2298 signa
180 2243 225 2284 in
254 2243 422 2285 hostem
454 2258 627 2298 coepere
661 2243 819 2298 inferri,
852 2258 947 2284 cum
980 2242 1247 2284 centuriones
1279 2255 1372 2295 pec-

32 2308 120 2352 tore
151 2308 325 2350 adverso
357 2308 603 2350 resisterent
637 2308 764 2363 vique
802 2307 1069 2349 continerent
1105 2305 1281 2360 milites,
1319 2320 1372 2347 ne
