1638 2600
185 135 261 170 VII.
300 132 450 169 LEGES
477 129 930 167 SENATUSCONSULTI
955 127 1188 163 DECRETA.
1287 127 1370 168 201

127 233 160 265 6.
207 231 307 265 Γάιος
335 230 464 272 Καῑςαρ
490 226 730 269 αὐτοκράτωρ
757 223 936 268 δικτάτωρ
965 225 1009 258 τὸ
1036 224 1209 267 δεύτερον
1237 220 1374 266 (τέταρ-
1395 231 1446 256 202

29 280 135 323 tow)
163 279 307 320 ἕςτηςεν
334 277 420 311 κατ’
445 275 613 310 ἐνιαυτὸν
639 274 739 307 ὅπως
763 275 912 307 τελῷςιν
939 272 1029 314 ὑπὲρ
1055 274 1121 313 τῆς
1148 272 1376 314 Ἱεροςολυμι-

30 330 108 361 τῶν
139 326 282 359 πόλεως
314 325 455 366 Ἰόππη(
487 321 796 364 ὑπεξαιρουμένης
827 321 937 362 χωρὶς
967 322 1034 352 τοῦ
1067 319 1225 360 ἑβδόμου
1259 319 1376 361 ἔτους,

29 374 74 408 ὃν
100 372 315 415 ςαββατικὸν
342 371 512 405 ἐνιαυτὸν
536 368 879 412 προςαγορεύουςιν,
907 367 982 400 ἐπεὶ
1003 367 1042 400 ἐν
1063 367 1164 410 αὐτῷ
1191 366 1283 409 μήτε
1306 366 1374 399 τὸν

30 421 104 455 ἀπὸ
129 423 206 454 τῷν
233 419 396 462 δένδρων
423 417 564 460 καρπὸν
588 415 831 458 λαμβάνουςιν
858 415 948 456 μήτε
975 413 1187 456 ςπείρουςιν.
1232 414 1290 447 καὶ
1315 412 1377 446 ἵνα
1397 421 1448 446 203

29 469 71 502 ἐν
98 468 229 502 Ειδῷνι
259 470 313 510 τῷ
341 466 501 508 δευτέρῳ
534 465 605 498 ἔτει
636 463 702 497 τὸν
729 462 849 505 φόρον
881 461 1101 495 ἀποδιδῷςιν
1126 461 1170 494 τὸ
1196 461 1377 503 τέταρτον

29 518 109 549 τῷν
135 514 391 556 ςπειρομένων,
418 512 510 555 πρὸς
534 512 681 545 τούτοις
706 510 758 543 ἐτι
785 510 843 542 καὶ
872 509 1038 552 Ὑρκανῷ
1064 510 1220 542 καὶτοῖς
1237 508 1379 542 τέκνοις

31 563 149 597 αὐτοῦ
175 562 241 595 τὰς
261 560 415 594 δεκάτας
433 562 592 601 τελῷςιν,
620 558 661 592 ἃς
681 557 830 591 ἐτέλουν
851 557 908 590 καὶ
927 560 1005 590 τοῖς
1023 556 1221 598 προγόνοις
1241 555 1376 589 αὐτῶν.

32 611 91 643 καὶ
123 609 225 642 ὅπως
256 609 380 650 μηδεὶς
411 607 502 650 μήτε
539 607 662 649 ἄρχων
696 605 787 647 μήτε
825 604 1019 646 ἀντάρχων
1052 604 1143 646 μήτε
1175 602 1378 645 ςτρατηγὸς
1398 611 1451 636 204

30 658 55 699 ἢ
81 656 303 699 πρεςβευτὴς
328 654 367 688 ἐν
392 658 468 688 τοῖς
494 654 592 696 ὅροις
617 656 692 686 τῷν
719 650 904 685 Ἰουδαίων
930 651 1074 684 ἀνιςτάς
1100 649 1300 692 ςυμμαχίαν
1321 651 1379 683 καὶ

31 704 258 746 ςτρατιώτας
290 703 350 745 ἐξῇ
382 702 506 745 τούτῷ
532 701 701 743 χρήματα
732 698 1003 741 εἰςπράττεςθαι
1028 700 1050 740 ἢ
1084 696 1134 731 εἰς
1157 708 1379 740 παραχειμα-

32 751 111 785 ςίαν
137 752 159 793 ἢ
188 751 285 793 ἄλλῷ
311 750 381 783 τινὶ
408 749 571 790 ὀνόματι,
599 747 676 781 ἀλλ’
702 747 793 780 εἶναι
818 746 1050 787 πανταχόθεν
1076 745 1379 787 ἀνεπηρεάςτους.

32 799 99 832 ὅςα
125 808 167 831 τε
193 797 284 839 μετὰ
309 799 427 830 ταῦτα
454 796 556 838 ἐ’ςχον
582 796 604 838 ἢ
631 793 804 837 ἐπρίαντο
825 794 882 826 καὶ
909 792 1143 834 διακατέςχον
1170 794 1227 825 καὶ
1254 792 1380 834 ἐνεμή-
1400 800 1451 826 205

31 848 159 888 θηςαν,
197 847 316 878 ταῦτα
353 844 474 877 πάντα
512 843 647 876 αὐτοὺς
678 842 782 883 ἔχειν.
834 841 979 882 Ἰόππην
1010 850 1051 874 τε
1081 840 1204 882 πόλιν,
1236 840 1282 881 ἣν
1315 839 1382 872 ἀπ’

32 893 150 936 ἀρχῆς
180 892 285 933 ἐςχον
318 890 351 925 οἱ
385 891 549 924 Ἰουδαῖοι
573 890 786 930 ποιούμενοι
811 889 880 930 τὴν
912 888 1002 930 πρὸς
1030 886 1231 929 Ῥωμαίους
1256 885 1382 928 φιλίαν

33 941 161 974 αὐτῶν
194 940 302 981 εἶναι,
337 938 458 971 καθὼς
489 938 547 971 καὶ
578 937 622 970 τὸ
653 939 819 979 πρῶτον,
853 937 938 978 ἡμῖν
976 935 1130 977 ἀρέςκει,
1163 934 1305 976 φόρους
1341 944 1382 967 τε
1403 943 1453 968 206

32 987 125 1029 ὑπὲρ
157 987 296 1028 ταύτης
326 987 394 1027 τῆς
418 985 559 1018 πόλεως
587 984 765 1026 Ὑρκανὸν
793 983 1030 1025 Ἀλεξάνδρου
1063 981 1143 1015 υἱὸν
1169 983 1227 1015 καὶ
1252 981 1384 1014 παῖδας

33 1035 151 1068 αὑτοῦ
182 1033 281 1076 παρὰ
307 1035 384 1066 τῷν
421 1034 491 1074 τήν
517 1034 588 1072 γῆν
618 1031 831 1072 νεμομένων
863 1031 985 1072 χώρας
1011 1029 1156 1071 λιμένος
1180 1027 1382 1069 ἐξαγωγίου

35 1081 124 1116 κατ’
150 1081 319 1114 ἐνιαυτὸν
346 1079 474 1113 (ιδῷνι
502 1078 650 1120 μοδίους
670 1078 874 1121 διςμυρίους
899 1077 1105 1111 ἐξακοςίους
1130 1076 1384 1117 ἑβδομήκοντα

33 1129 144 1162 πέντε
177 1127 488 1170 ὑπεξαιρουμένου
520 1129 587 1160 τοῦ
615 1126 771 1168 ἑβδόμου
798 1126 920 1167 ἔτους,
952 1125 994 1158 ὃν
1021 1124 1234 1166 ςαββατικὸν
1260 1121 1383 1157 ἐνιαυ-

33 1175 100 1210 τὸν
137 1177 316 1217 καλοῡςιν,
343 1174 429 1207 καθ’
455 1174 497 1207 ὃν
524 1174 610 1207 οὔτε
637 1174 783 1216 ἀροῡςιν
809 1173 896 1206 οὔτε
920 1172 987 1205 τὸν
1020 1171 1091 1205 ἀπὸ
1116 1173 1193 1204 τῶν
1220 1171 1384 1212 δένδρων

35 1223 177 1266 καρπὸν
210 1221 464 1263 λαμβάνουςιν.
513 1221 580 1255 τάς
610 1231 650 1254 τε
683 1221 806 1262 κώμας
836 1220 902 1254 τὰς
927 1219 965 1253 ἐν
991 1223 1044 1262 τῷ
1078 1219 1223 1262 μεγάλῳ
1257 1217 1385 1261 πεδίῳ,
1405 1227 1456 1252 207

39 1270 82 1305 ἃς
109 1270 286 1313 Ὑρκανὸς
306 1270 364 1302 καὶ
385 1268 419 1301 οἱ
437 1269 615 1311 πρόγονοι
633 1268 816 1311 πρότερον
837 1267 951 1300 αὐτοῦ
974 1266 1220 1308 διακατέςχον,
1247 1265 1385 1308 ἀρέςκει

32 1321 80 1362 τῇ
114 1317 303 1360 ςυγκλήτῷ
335 1318 453 1350 ταῦτα
486 1315 664 1358 Ὑρκανὸν
698 1317 755 1348 καὶ
788 1314 984 1348 Ἰουδαίους
1014 1314 1108 1355 ἔχειν
1141 1313 1198 1347 ἐπὶ
1229 1316 1306 1346 τοῖς
1337 1313 1385 1346 δι-

38 1364 154 1399 καίοις
193 1364 247 1398 οἷς
284 1364 343 1397 καὶ
379 1363 562 1406 πρότερον
600 1363 710 1405 εἶχον.
762 1362 880 1403 μένειν
919 1362 958 1395 δὲ
994 1362 1052 1394 καὶ
1088 1361 1135 1394 τὰ
1173 1360 1240 1394 ἀπ’
1272 1360 1387 1403 ἀρχῆς
1406 1369 1458 1393 208

35 1412 175 1454 δίκαια,
208 1412 272 1445 ὅςα
312 1411 404 1453 πρὸς
435 1410 614 1452 ἀλλήλους
641 1409 825 1443 Ἰουδαίοις
859 1410 917 1442 καὶ
953 1412 1030 1442 τοῖς
1067 1408 1289 1450 ἀρχιερεῡςιν
1328 1408 1386 1440 καὶ

35 1459 188 1502 ἱερεῦςιν
222 1459 268 1501 ἦν
293 1458 339 1492 τά
371 1467 412 1491 τε
437 1458 697 1500 φιλάνθρωπα,
725 1458 789 1490 ὅςα
814 1467 854 1490 τε
879 1458 946 1490 τοῦ
974 1456 1092 1498 δήμου
1128 1455 1386 1497 ψηφιςαμένου

37 1508 97 1541 καὶ
121 1509 188 1549 τῆς
213 1505 416 1548 ςυγκλήτου
443 1505 558 1547 ἐςχον.
603 1503 694 1550 [ἐπὶ]
720 1505 868 1538 τούτοις
892 1514 933 1538 τε
958 1507 1035 1537 τοῖς
1061 1502 1210 1536 δικαίοις
1235 1504 1388 1545 χρῆςθαι

36 1555 163 1589 αὐτοῖς
200 1553 330 1587 ἐξεῖναι
368 1552 406 1586 ἐν
443 1552 633 1594 τΛύδδοις.
681 1553 769 1586 τούς
805 1562 846 1585 τε
883 1551 1022 1585 τόπους
1064 1552 1122 1583 καὶ
1166 1550 1291 1592 χώραν
1328 1550 1387 1582 καὶ
1409 1559 1459 1583 209

36 1601 195 1645 ἐποίκια,
229 1601 293 1634 ὅςα
321 1601 492 1642 βαςιλεῠςι
524 1598 653 1642 Ευρίας
678 1601 736 1633 καὶ
763 1598 934 1641 Φοινίκης
967 1598 1164 1640 ςυμμάχοις
1199 1597 1275 1630 οὖςι
1303 1597 1388 1630 Ῥω-

38 1649 156 1692 μαίων
201 1648 294 1682 κατὰ
332 1647 474 1690 δωρεὰν
518 1647 658 1690 ὑπῆρχε
701 1649 941 1690 καρποῡςθαι,
979 1648 1098 1679 ταῦτα
1143 1644 1328 1685 δοκιμάζει
1365 1645 1387 1686 ἡ

37 1697 240 1739 εύγκλητος
267 1695 445 1738 Ὑρκανὸν
471 1694 537 1728 τὸν
564 1695 747 1737 ἐθνάρχην
773 1695 830 1728 καὶ
860 1693 1054 1727 Ἰουδαίους
1080 1694 1183 1734 ἐχειν.
1222 1691 1387 1725 δεδόςθαι
1409 1700 1460 1724 2ιο

28 1745 80 1778 -δέ
108 1744 275 1787 Ὑρκανῷ
301 1743 360 1775 καὶ
385 1743 480 1775 παιςὶ
505 1745 582 1775 τοῖς
605 1743 720 1776 αὐτοῦ
742 1743 799 1775 καὶ
825 1743 1058 1784 πρεςβευταῑς
1076 1743 1153 1773 τοῖς
1178 1740 1246 1772 ὑπ’
1272 1740 1388 1772 αὐτοῦ

36 1793 253 1833 πεμφθεῑςιν
285 1790 324 1823 ἐν
359 1800 399 1822 τε
436 1792 560 1832 πυγμῇ
600 1789 821 1831 μονομάχων
860 1790 917 1821 καὶ
955 1788 1094 1830 Θηρίων
1133 1786 1391 1827 καθεζομένοις

41 1838 132 1881 μετὰ
163 1840 240 1871 τῶν
273 1838 519 1879 ςυγκλητικῷν
551 1838 704 1880 θεωρεῖν
730 1835 1019 1878 γαίτηςαμένους
1049 1835 1148 1877 παρὰ
1175 1834 1392 1876 δικτάτορος

38 1887 63 1929 ἢ
90 1885 189 1928 παρὰ
215 1884 397 1927 ἱππάρχου
423 1885 617 1926 παρελθεῖν
645 1883 694 1918 εἰς
718 1885 787 1925 τὴν
814 1884 1016 1925 ςύγκλητον
1049 1881 1233 1922 εἰςάγωςιν
1260 1882 1319 1914 καὶ
1344 1881 1391 1914 τὰ

36 1932 273 1975 ἀποκρίματα
299 1932 423 1965 αὐτοῖς
449 1931 668 1965 ἀποδιδῷςιν
695 1931 734 1965 ἐν
760 1931 910 1973 ἡμέραις
930 1930 1018 1964 δέκα
1036 1933 1115 1963 ταῖς
1135 1929 1296 1971 ἁπάςαις,
1326 1928 1391 1970 ἀφ’

45 1980 89 2022 ἧς
114 1981 159 2014 ἂν
185 1979 229 2013 τὸ
256 1979 374 2021 δόγμα
400 1979 562 2020 γένηται.

416 2073 448 2095 α.
469 2072 506 2095 ιι.
527 2072 553 2096 e.
579 2060 724 2096 DCCX
749 2063 840 2104 (44),
867 2062 889 2095 9
910 2059 1016 2095 Febr.

139 2123 172 2156 7.
213 2121 314 2155 Γάιος
341 2121 470 2164 Καῖςαρ
497 2121 740 2164 αὐτοκράτωρ
767 2121 949 2163 δικτάτωρ
975 2120 1019 2154 τὸ
1044 2119 1224 2161 τέταρτον
1250 2117 1390 2151 ὑπατός
1411 2126 1461 2150 2ιι

41 2180 83 2204 τε
108 2170 152 2203 τὸ
177 2169 343 2210 πέμπτον
374 2169 556 2212 δικτάτωρ
583 2169 887 2210 ἀποδεδειγμένος
912 2168 970 2202 διὰ
1003 2166 1081 2209 βίου
1108 2167 1241 2207 λόγους
1266 2165 1387 2207 ἐποιή-

43 2228 130 2252 ςατο
156 2218 238 2259 περὶ
263 2220 339 2249 τῶν
360 2215 510 2249 δικαίων
530 2219 606 2250 τῷν
634 2217 815 2259 Ὑρκανοῦ
835 2219 904 2249 τοῦ
933 2215 1170 2256 Ἀλεξάνδρου
1193 2213 1389 2255 ἀρχιερέως

45 2263 230 2299 Ἰουδαίων
261 2265 319 2297 καὶ
351 2264 531 2306 ἐθνάρχου
563 2264 771 2297 τοιούτους·
808 2262 915 2308 [τῷν]
946 2263 1018 2305 πρὸ
1051 2262 1140 2303 ἐμοῦ
1168 2260 1392 2303 αὐτοκρατό-

44 2323 122 2355 ρων
155 2311 193 2345 ἐν
230 2314 309 2344 ταῖς
345 2310 531 2353 ἐπαρχίαις
562 2312 876 2354 μαρτυρηςάντων
910 2310 1076 2353 Ὑρκανῷ
1115 2309 1272 2350 ἀρχιερεῖ
1309 2307 1393 2340 Ἰου-

45 2359 161 2394 δαίων
200 2359 257 2391 καὶ
297 2358 479 2391 Ἰουδαίοις
521 2354 579 2392 ἐπί
615 2369 656 2392 τε
694 2359 897 2401 ςυγκλήτου
937 2358 995 2390 καὶ
1034 2357 1150 2397 δήμου
1192 2354 1392 2397 Ῥωμαίων,

45 2406 370 2449 εὐχαριςτήςαντος
402 2405 441 2439 δὲ
472 2406 530 2439 καὶ
560 2409 627 2440 τοῦ
661 2406 778 2448 δήμου
818 2407 875 2439 καὶ
911 2407 978 2447 τῆς
1015 2403 1217 2445 ςυγκλήτου
1257 2403 1392 2444 αὐτοῖς,

119 2472 150 2498 O.
170 2471 308 2498 IULHJS
333 2469 502 2497 CAESAR.
528 2470 588 2497 111.
1141 2464 1183 2494 14
