1669 2574
232 95 288 135 60
672 91 868 126 BELLUM
893 89 1115 124 AFRICUM.

231 190 313 244 ipsi
357 186 445 231 suis
487 187 708 242 praesidiis
751 186 861 227 tueri
905 187 1119 239 poterant,
1162 184 1326 238 reliqua
1369 183 1480 224 dirui
1518 198 1566 225 36

233 254 385 307 deseri,
423 256 464 294 et
502 266 648 293 eorum
685 249 843 291 incolas
882 250 995 290 intra
1026 263 1103 289 sua
1138 248 1348 302 praesidia
1379 247 1566 303 coegisse

233 318 522 372 commigrare,
555 329 678 370 agros
711 315 899 356 desertos
933 327 980 354 ac
1010 315 1197 354 vastatos
1229 327 1330 353 esse.

187 394 204 424 1
320 381 432 423 XXI.
473 380 566 421 Hac
596 379 847 421 necessitate
880 377 1033 419 Caesar
1063 379 1232 418 coactus
1262 376 1451 430 privatos
1483 390 1566 416 am-

233 446 385 488 biendo
411 447 453 486 et
483 444 636 486 blande
663 443 912 498 appellando
940 441 1204 495 aliquantum
1234 455 1457 482 numerum
1482 439 1567 480 fru-

233 510 364 551 menti
389 510 433 550 in
454 523 530 550 sua
553 508 764 562 praesidia
790 508 1060 561 congesserat
1080 508 1122 547 et
1141 520 1190 547 eo
1215 519 1338 559 parce
1358 504 1567 545 utebatur.

234 573 372 628 Opera
396 573 566 615 interim
592 573 682 627 ipse
709 572 861 614 cotidie
888 571 1064 612 circuire
1090 573 1132 611 et
1164 569 1347 611 alternas
1373 568 1569 610 cohortes

188 649 207 679 2
235 639 278 679 in
310 638 492 680 statione
523 637 678 678 habere
710 638 884 691 propter
908 635 1100 676 hostium
1125 634 1455 674 multitudinem.
1492 632 1569 673 La-

234 702 383 744 bienus
422 701 586 742 saucios
625 715 742 754 suos,
781 714 960 754 quorum
997 698 1207 739 maximus
1244 712 1445 738 numerus
1475 696 1570 750 fuit,
1640 744 1641 748 Ἰ

188 777 207 808 3
234 767 352 808 iubet
376 767 421 807 in
445 765 620 820 plostris
648 764 858 819 obligatos
883 763 1194 804 Hadrumetum
1221 761 1442 816 deportari.
1485 760 1570 802 Na·
1609 793 1614 796 ,
1640 795 1641 798 ,

234 846 306 872 ves
338 831 509 872 interim
543 829 733 871 Caesaris
766 828 981 870 onerariae
1013 827 1271 869 errabundae
1307 827 1416 868 male
1447 839 1570 880 vaga—

234 896 390 936 bantur
414 895 599 936 incertae
624 893 815 935 locorum
835 895 964 946 atque
985 895 1220 934 castrorum
1243 906 1433 946 suorum3
1466 905 1570 945 quas

235 960 424 1014 singulas
457 958 636 1012 scaphae
669 956 1006 998 adversariorum
1038 956 1275 1010 complures
1310 956 1480 997 adortae
1511 955 1572 996 in-

187 1035 210 1065 4
236 1023 469 1064 cendebant
501 1026 627 1077 atque
653 1021 964 1076 expugnabant.
1012 1020 1105 1062 Hac
1130 1035 1174 1061 re
1200 1020 1395 1061 nuntiata
1421 1019 1574 1060 Caesar

236 1088 390 1129 classes
420 1087 578 1128 circum
609 1086 770 1127 insulas
800 1088 1034 1140 portusque
1067 1085 1289 1139 disposuit,
1321 1099 1405 1139 quo
1436 1084 1573 1125 tutius

237 1154 495 1194 commeatus
527 1150 770 1204 subportari
800 1152 956 1204 posset.

190 1228 206 1258 1
323 1215 459 1257 XXII.
508 1214 564 1256 M.
598 1214 700 1255 Cato
739 1214 928 1267 interim,
967 1214 1040 1268 qui
1070 1213 1220 1255 Uticae
1258 1215 1467 1268 praeerat,
1499 1211 1571 1254 Cn.

235 1279 486 1334 Pompeium
523 1278 660 1319 filium
697 1277 844 1319 multis
881 1278 1023 1319 verbis
1061 1279 1310 1332 assidueque
1348 1277 1572 1331 obiurgare

190 1356 209 1386 2
236 1360 320 1386 non
359 1343 597 1385 desistebat.
666 1341 838 1396 ‘Tuus’,
881 1342 1040 1396 inquit,
1084 1342 1224 1395 <pater
1268 1342 1379 1382 istuc
1422 1341 1573 1382 aetatis

237 1424 332 1451 cum
365 1411 476 1450 esset
507 1411 550 1448 et
582 1406 948 1447 animadvertisset
979 1406 1284 1460 rempublicam
1318 1405 1369 1446 ab
1401 1405 1574 1446 nefariis

236 1474 535 1527 sceleratisque
576 1472 739 1512 civibus
780 1484 1024 1524 oppressam
1069 1469 1288 1522 bonosque
1332 1472 1405 1509 aut
1448 1469 1574 1510 inter—

235 1538 368 1579 fectos
406 1550 487 1578 esse
525 1539 597 1577 aut
635 1535 761 1576 exilio
799 1534 1003 1575 multatos
1044 1534 1182 1588 patria
1218 1533 1472 1587 civitateque
1511 1548 1573 1575 ca-

236 1617 339 1656 rere,
371 1601 507 1656 gloria
527 1602 568 1641 et
588 1599 719 1640 animi
749 1599 1042 1653 magnitudine
1069 1598 1205 1640 elatus
1230 1597 1421 1651 privatus
1447 1600 1573 1652 atque

238 1664 578 1707 adulescentulus
598 1663 764 1718 paterni
786 1664 996 1704 exercitus
1016 1662 1208 1717 reliquiis
1230 1662 1416 1703 collectis
1442 1677 1574 1716 paene

237 1745 482 1786 oppressam
515 1728 684 1769 Italiam
716 1727 948 1781 urbemque
974 1727 1212 1768 Romanam
1244 1726 1435 1767 funditus
1467 1726 1574 1767 dele-

236 1798 322 1836 tam
355 1795 398 1835 in
435 1794 678 1834 libertatem
709 1791 958 1845 vindicavit,
997 1792 1193 1846 idemque
1226 1790 1431 1845 Siciliam,
1461 1790 1575 1832 Afri-

236 1874 340 1913 cam,
369 1858 629 1911 Numidiam,
654 1856 962 1897 Mauretaniam
993 1856 1179 1897 mirabili
1205 1855 1419 1897 celeritate
1446 1856 1574 1897 armis

190 1936 209 1965 3
237 1923 405 1977 recepit.
468 1921 631 1970 Quibus
669 1935 720 1961 ex
757 1921 883 1962 rebus
916 1920 998 1961 sibi
1032 1934 1124 1961 63111
1157 1920 1427 1974 dignitatem,
1468 1935 1574 1974 quae

237 1991 301 2030 est
325 2002 400 2041 per
425 1989 571 2042 gentes
599 1985 833 2025 clarissima
857 1984 1178 2038 notissimaque,
1211 1983 1452 2025 conciliavit
1477 1985 1574 2026 adu-

189 2065 209 2094 4
235 2051 576 2105 lescentulusque
609 2052 734 2103 atque
761 2063 889 2102 eques
916 2048 1136 2088 Romanus
1167 2047 1458 2101 triumphavit.
1498 2048 1573 2090 At-

237 2131 317 2171 que
349 2115 421 2156 ille
451 2129 537 2156 non
568 2114 629 2154 ita
660 2112 812 2166 amplis
843 2112 970 2153 rebus
1001 2111 1135 2165 patris
1169 2112 1299 2166 gestis
1325 2127 1460 2166 neque
1485 2116 1574 2154 tam

237 2180 459 2223 excellenti
492 2178 698 2233 dignitate
729 2177 938 2218 maiorum
970 2178 1093 2229 parta
1123 2190 1258 2229 neque
1290 2177 1420 2217 tantis
1450 2177 1573 2219 clien-

236 2245 332 2286 telis
373 2243 642 2297 nominisque
686 2241 877 2282 claritate
921 2240 1138 2294 praeditus
1182 2240 1225 2280 in
1268 2241 1573 2294 rempublicam

189 2320 209 2349 5
237 2312 300 2350 681
332 2309 558 2363 ingressus.
621 2306 685 2346 Tu
712 2307 857 2347 contra
883 2307 925 2346 et
955 2304 1090 2358 patris
1122 2304 1345 2345 nobilitate
1372 2308 1414 2346 et
1441 2305 1573 2359 digni-
