1638 2600
514 119 615 154 CAP.
642 119 990 155 XXXI—XXXIIII.
1346 121 1425 161 127

83 218 210 269 esset,
255 216 344 257 eius
388 216 529 256 verbis
574 216 771 257 nuntium
810 216 962 270 mittit,
1006 232 1101 258 eum
1140 216 1281 257 minus
1319 216 1429 258 belle

83 280 256 322 habere:
288 283 336 321 ut
367 280 588 322 mitterent
619 280 826 334 lecticam,
858 295 941 335 qua
973 282 1016 322 in
1046 281 1249 336 oppidum
1276 281 1429 323 deferri

83 345 230 400 possit.
286 345 533 387 Lecticariis
561 346 703 388 missis
728 345 958 399 Pompeius
986 345 1196 387 Carteiam
1230 346 1428 387 defertur.
1456 360 1476 385 δ’

84 409 167 460 Qui
210 409 379 451 illarum
423 411 610 465 partium
653 410 840 452 fautores
886 414 1044 464 essent,
1089 412 1346 453 conveniunt
1387 412 1430 453 in

84 476 275 529 domum,
313 490 397 530 quo
438 479 528 517 erat
566 475 729 517 delatus
764 500 817 504 —-
851 475 924 529 qui
962 475 1158 517 arbitrati
1190 479 1290 518 sunt
1321 476 1429 518 elan-

83 539 225 581 culum
263 540 428 581 venisse
468 566 541 594 —-,
586 543 634 581 ut
671 540 722 581 ab
762 554 828 594 e0,
870 554 977 594 quae
1014 540 1190 596 vellent,
1229 541 1279 583 de
1316 541 1429 583 bello

82 604 357 658 requirerent.
427 604 532 646 Cum
577 605 817 660 frequentia
860 606 1144 660 convenisset,
1189 606 1238 647 de
1282 605 1431 647 lectica

82 669 312 724 Pompeius
343 685 489 712 eorum
524 671 566 711 in
597 671 725 712 fidem
757 670 962 725 confugit.

24 787 26 789 ‚
170 734 369 776 XXXIII.
422 735 575 777 Caesar
606 750 657 777 ex
688 734 850 790 proelio
884 734 1053 777 Munda
1084 735 1321 776 munitione
1354 735 1430 776 cir-
1459 746 1475 776 1

82 800 282 841 cumdata
308 800 548 842 Cordubam
580 801 707 843 venit.
758 799 840 850 Qui
872 815 923 841 ex
950 800 1073 841 caede
1100 814 1147 841 eo
1174 800 1431 855 refugerant,

82 868 255 919 pontem
289 869 561 921 occuparunt.
618 865 724 907 Cum
757 880 805 906 eo
837 867 1012 906 ventum
1045 867 1168 919 esset,
1200 865 1431 906 convitiare
1457 876 1477 905 ‘2

83 935 324 986 coeperunt,
356 946 433 972 nos
466 946 516 973 ex
549 930 710 986 proelio
743 944 900 984 paucos
933 944 1171 984 superesse;
1204 944 1287 984 quo
1313 929 1430 985 fuge-

82 995 253 1036 remus‘?
328 994 394 1037 Ita
445 1010 634 1051 pugnare
685 997 914 1049 coeperunt
964 994 1013 1036 de
1064 997 1203 1049 ponte.
1278 994 1432 1036 Caesar

80 1059 239 1101 flumen
272 1061 439 1102 traiecit
471 1064 513 1102 et
545 1063 682 1102 castra
712 1060 866 1114 posuit.
931 1058 1124 1114 Scapula,
1159 1060 1292 1101 totius
1325 1060 1429 1102 sedi·
1457 1071 1476 1101 3

82 1125 212 1166 tionis
251 1126 286 1180 [,
326 1126 512 1166 familiae
551 1129 593 1167 et
629 1125 947 1179 libertinorum]
990 1127 1135 1179 caput,
1179 1140 1230 1166 ex
1268 1125 1430 1179 proelio

82 1188 323 1231 Cordubam
362 1205 457 1232 cum
496 1191 699 1244 venisset,
735 1189 943 1231 familiam
983 1192 1026 1231 et
1063 1189 1242 1231 libertos
1280 1204 1431 1232 convo-

80 1255 203 1309 cavit,
234 1270 383 1308 pyram
417 1255 499 1296 sibi
531 1255 738 1309 extruxit,
776 1269 923 1296 cenam
964 1254 1120 1296 adferri
1159 1269 1286 1308 quam
1325 1255 1430 1309 opti-

78 1333 192 1360 mam
219 1319 458 1375 imperavit,
483 1320 586 1361 item
610 1320 785 1374 optimis
806 1319 1126 1361 insternendum
1146 1320 1431 1361 vestimentis:

78 1385 302 1438 pecuniam
342 1387 384 1426 et
422 1388 645 1440 argentum
678 1385 722 1426 111
753 1384 994 1439 praesentia
1025 1383 1213 1425 familiae
1245 1384 1429 1426 donavit.

80 1446 176 1502 Ipse
212 1448 262 1490 de
294 1451 484 1503 tempore
517 1452 655 1503 cenat,
692 1450 874 1491 resinam
910 1452 952 1490 et
982 1449 1164 1490 nardum
1198 1449 1429 1491 identidem
1456 1461 1477 1490 4

79 1513 163 1555 sibi
196 1514 393 1555 infundit.
444 1513 511 1555 Ita
541 1514 774 1556 novissimo
806 1517 997 1568 tempore
1030 1528 1200 1555 servum
1233 1514 1359 1555 iussit
1389 1518 1430 1556 et

79 1577 294 1633 libertum,
326 1579 397 1634 qui
431 1580 583 1620 fuisset
609 1579 699 1621 eius
725 1579 999 1633 concubinus,
1031 1578 1211 1620 alterum
1239 1594 1282 1620 se
1309 1580 1429 1635 iugu-

79 1643 184 1698 lare,
216 1644 398 1685 alterum
430 1659 580 1699 pyram
612 1645 845 1686 incendere.

169 1708 391 1750 XXXIIII.
460 1708 673 1764 Oppidani
717 1712 878 1763 autem,
923 1709 1052 1750 simul
1097 1708 1250 1750 Caesar
1293 1712 1432 1751 castra
1459 1722 1475 1751 1

80 1777 229 1815 contra
261 1775 313 1816 ad
339 1774 543 1829 oppidum
570 1775 726 1829 posuit,
758 1774 998 1816 discordare
1025 1776 1268 1828 coeperunt,
1296 1789 1431 1829 usque

86 1853 153 1893 eo,
196 1842 245 1880 ut
277 1839 436 1880 clamor
468 1840 511 1881 in
544 1843 683 1881 castra
714 1843 860 1881 nostra
891 1840 1132 1894 perveniret
1151 1841 1181 1894 †
1200 1840 1287 1881 fere
1320 1840 1431 1881 inter

82 1903 359 1946 Caesarianos
397 1908 440 1946 et
474 1905 586 1946 inter
616 1905 911 1959 Pompeianos.
972 1904 1109 1946 Erant
1139 1904 1209 1946 hic
1240 1904 1430 1960 legiones
1456 1918 1476 1946 2

81 1969 186 2011 duae
213 1985 264 2011 ex
283 1970 475 2026 perfugis
496 1971 773 2025 conscriptae,
798 1970 955 2024 partim
976 1970 1286 2024 oppidanorum
1307 1971 1430 2021 servi,

82 2034 154 2089 qui
198 2037 319 2076 erant
362 2050 386 2076 a
431 2033 470 2076 S.
508 2034 713 2089 Pompeio
758 2035 1028 2090 manumissi3
1079 2035 1152 2090 qui
1194 2035 1239 2076 in
1284 2034 1429 2077 Caesa-

80 2098 140 2139 ris
182 2099 410 2141 adventum
455 2100 679 2142 dissentire
718 2103 957 2155 coeperunt.
1019 2099 1151 2155 Legio
1190 2112 1273 2141 XIII
1312 2101 1427 2155 oppi-
1454 2112 1474 2141 3

85 2162 185 2204 dum
211 2164 433 2206 defendere
460 2165 610 2220 coepIt,
636 2180 700 2219 ne,
726 2179 821 2206 cum
848 2166 932 2206 iam
959 2165 1264 2220 depugnarent,
1289 2167 1428 2205 turres

82 2242 135 2268 ex
174 2232 293 2282 parte
330 2232 373 2271 et
409 2245 579 2271 murum
618 2233 884 2284 occuparent.
951 2229 1135 2271 Demum
1173 2229 1337 2284 legatos
1376 2230 1429 2270 ad
1454 2242 1475 2271 4

85 2290 305 2335 Caesarem
325 2295 515 2350 mittunt,
534 2298 582 2336 ut
601 2295 684 2336 sibi
702 2295 892 2351 legiones
907 2295 1096 2337 subsidio
1112 2294 1431 2336 intromItteret.

83 2355 177 2398 Hoc
215 2372 310 2398 cum
349 2359 735 2402 animadverterent
771 2360 965 2402 homines
997 2359 1188 2414 fugitivi,
1226 2360 1429 2414 oppidum
