1669 2574
280 104 336 145 48
638 101 834 136 BELLUM
860 101 920 134 AL
926 100 1261 136 EXANDRINUM.

281 199 391 241 fecta
432 197 705 239 multitudine
744 196 859 236 omni
898 210 1070 237 suorum
1110 199 1183 237 aut
1220 199 1341 250 capta
1375 195 1612 237 Pharnaces

283 278 378 304 cum
409 262 554 316 paucis
579 260 794 314 equitibus
826 259 1038 314 profugit3
1070 261 1137 301 cui
1170 261 1252 301 nisi
1278 262 1511 301 castrorum
1543 272 1613 313 op-

282 326 485 381 pugnatio
517 325 761 366 facultatem
793 324 1007 365 attulisset
1038 324 1213 365 liberius
1244 323 1525 378 profugiendi,
1555 323 1613 363 vi-

282 406 359 432 vus
392 391 435 431 in
467 389 657 430 Caesaris
689 391 944 443 potestatem
976 388 1179 429 adductus
1212 391 1332 430 esset.

371 453 583 495 LXXVII.
634 453 726 495 Tali
752 453 929 495 victoria
960 453 1115 494 totiens
1141 453 1276 494 victor
1303 452 1454 494 Caesar
1485 452 1614 493 incre-

284 519 404 560 dibili
424 521 488 560 est
512 518 675 559 laetitia
700 518 886 571 affectus,
918 517 1032 571 quod
1056 517 1287 558 maximum
1314 516 1473 557 bellum
1497 518 1616 557 tanta

284 583 497 625 celeritate
524 583 771 636 confecerat,
804 596 935 635 eoque
962 581 1094 622 subiti
1125 581 1303 635 periculi
1329 580 1616 621 recordatione

282 647 445 701 laetior,
477 647 590 702 quod
613 647 793 688 victoria
817 645 952 687 facilis
983 660 1036 686 ex
1061 645 1325 687 difficillimis
1356 645 1482 686 rebus
1514 645 1615 685 acci-

286 712 413 753 derat.
457 711 593 753 Ponto
620 714 788 765 recepto
820 710 974 764 praeda
1001 709 1117 750 omni
1142 709 1258 763 regia
1288 708 1497 749 militibus
1523 722 1616 748 con-

285 776 442 818 donata
477 779 648 830 postero
681 775 747 816 die
785 789 880 816 cum
913 774 1119 828 expeditis
1152 773 1366 827 equitibus
1398 773 1487 826 ipse
1523 786 1616 826 pro-

283 841 500 894 ficiscitur,
531 840 742 894 legionem
775 842 938 880 sextam
966 838 1161 880 decedere
1194 837 1246 878 ad
1275 837 1462 891 praemia
1493 839 1617 890 atque

283 905 465 946 honores
498 904 762 958 accipiendos
794 904 838 945 in
870 903 1039 944 Italiam
1071 902 1206 955 iubet,
1241 901 1398 942 auxilia
1428 901 1618 942 Deiotari

285 970 456 1011 domum
494 968 692 1021 remittit,
731 968 833 1009 duas
867 967 1055 1022 legiones
1093 981 1188 1008 cum
1221 965 1363 1007 Coelio
1394 965 1617 1007 Viniciano

285 1034 329 1074 in
360 1033 498 1074 Ponto
530 1032 744 1086 relinquit.

373 1095 608 1138 LXXVIII.
650 1095 716 1137 Ita
748 1111 823 1150 per
856 1095 1189 1152 Gallograeciam
1213 1095 1544 1150 Bithyniamque
1576 1094 1620 1135 in

285 1161 434 1203 Asiam
472 1161 553 1202 iter
589 1160 692 1202 facit
731 1161 1003 1215 omniumque
1041 1175 1184 1202 earum
1220 1160 1532 1214 provinciarum
1569 1158 1620 1199 de

286 1225 585 1268 controversiis
624 1225 842 1279 cognoscit
879 1228 920 1266 et
957 1226 1124 1279 statuit,
1166 1226 1258 1266 iura
1293 1225 1339 1265 in
1375 1222 1620 1276 tetrarchaS,

287 1305 426 1346 reges,
465 1290 656 1331 civitates
695 1289 923 1330 distribuit.
985 1289 1262 1330 Mithridaten
1299 1288 1620 1343 Pergamenum,

286 1370 314 1398 α
351 1369 434 1409 quo
478 1369 567 1395 rem
609 1353 790 1394 feliciter
828 1353 1100 1407 celeriterque
1142 1357 1305 1408 gestam
1343 1354 1386 1393 in
1423 1352 1619 1407 Aegypto

287 1434 416 1473 supra
441 1418 699 1472 scripsimus,
730 1418 846 1473 regio
873 1432 1023 1473 genere
1049 1420 1202 1471 ortum,
1234 1416 1468 1471 disciplinis
1494 1417 1621 1458 etiam

287 1484 416 1538 regiis
454 1483 677 1524 educatum
708 1507 766 1511 ——
797 1497 895 1523 nam
933 1497 1029 1523 eum
1061 1481 1350 1535 Mithridates,
1391 1496 1465 1522 rex
1494 1480 1621 1522 Asiae

287 1548 440 1601 totius,
476 1550 650 1600 propter
680 1546 947 1587 nobilitatem
979 1546 1186 1601 Pergamo
1224 1546 1448 1600 parvulum
1480 1560 1621 1588 secum

289 1614 580 1666 asportaverat
617 1612 661 1652 in
693 1614 831 1652 castra
861 1611 1104 1665 multosque
1135 1610 1366 1652 retinuerat
1403 1625 1534 1651 annos
1565 1635 1623 1640 ———

289 1689 432 1731 regem
463 1675 675 1729 Bosphori
714 1675 953 1729 constituit,
992 1674 1104 1729 quod
1135 1688 1303 1728 reynum
1335 1675 1412 1716 sub
1445 1675 1621 1729 imperio

289 1739 520 1780 Pharnacis
552 1739 702 1793 fuerat,
734 1739 1056 1793 provinciasque
1088 1738 1235 1792 populi
1266 1738 1447 1780 Romani
1479 1754 1502 1780 a
1532 1740 1622 1780 bar-

289 1803 403 1844 baris
448 1805 574 1856 atque
617 1803 800 1844 inimicis
849 1803 1021 1858 regibus
1070 1804 1321 1858 interposito
1368 1804 1622 1846 amicissimo

289 1881 387 1922 rege
418 1867 611 1908 munivit.
666 1867 817 1909 Eidem
844 1867 1115 1909 tetrarchiam
1148 1867 1351 1922 [legibus]
1386 1867 1622 1924 Gallograe-

291 1946 436 1973 corum
475 1932 564 1972 iure
603 1932 741 1986 gentis
774 1935 816 1973 et
856 1932 1120 1986 cognationis
1159 1933 1414 1974 adiudicavit
1452 1948 1623 1988 occupa—

291 1999 379 2037 tam
405 1998 447 2037 et
472 2010 709 2049 possessam
735 1996 882 2050 paucis
909 1999 1004 2037 ante
1031 1997 1151 2037 annis
1177 2012 1201 2037 a
1220 1997 1433 2038 Deiotaro.
1474 1996 1624 2051 Neque

291 2062 432 2101 tamen
469 2074 648 2114 usquam
687 2060 846 2101 diutius
885 2063 1074 2101 moratus
1107 2064 1190 2115 est,
1234 2075 1359 2115 quam
1397 2062 1624 2102 necessitas

292 2125 549 2166 urbanarum
587 2125 841 2166 seditionum
879 2125 969 2178 pati
1001 2124 1232 2165 videbatur.
1294 2124 1437 2166 Rebus
1474 2125 1624 2167 felicis-

293 2188 399 2229 sime
425 2187 725 2243 celerrimeque
752 2188 955 2230 confectis
982 2190 1025 2230 in
1051 2188 1218 2231 Italiam
1240 2190 1416 2231 celerius
1437 2190 1625 2232 omnium
1666 2218 1669 2224 ‹

293 2252 490 2306 opinione
525 2252 651 2294 venit.
