1638 2600
524 110 617 145 vm.
650 110 925 145 EPISTULAE.
1313 111 1398 151 205

51 204 124 250 ,,Μ.
150 204 326 239 Fufitium
347 206 406 249 (‘?)‚
445 215 556 248 quem
592 204 683 238 mihi
721 205 974 250 commendas,
1005 205 1062 239 vel
1093 215 1219 250 regem
1251 204 1395 239 Galliae
1416 213 1439 230 22
1459 213 1528 252 Ψε-

50 251 199 296 faciam,
226 252 282 286 vel
309 251 406 286 hune
427 252 567 297 Leptae
588 251 731 297 delega‚
758 252 789 286 si
809 252 872 287 vis.
909 252 964 286 Tu
991 253 1038 286 ad
1057 263 1115 286 me
1136 251 1250 286 alium
1276 252 1395 295 mitte,
1434 241 1509 307 Ph?

50 310 161 344 quem
192 301 352 334 ornem.“
381 319 421 324 --
448 299 542 333 Ibicl.
563 299 590 345 §
615 302 646 333 3.
687 299 744 333 De
770 310 838 344 quo
870 301 936 335 tibi
960 301 1101 334 homine
1131 301 1216 334 haec
1240 301 1396 344 spondeo

49 357 125 382 non
146 347 210 381 illo
229 351 346 381 vetere
359 347 462 381 verbo
481 357 567 388 meo,
592 346 687 390 quod
712 358 792 381 cum
817 348 866 381 ad
892 352 923 382 te
948 348 990 382 de
1006 348 1146 382 Milone
1171 348 1400 392 scripsissem,

49 395 131 430 iure
161 395 288 429 lusisti.

146 440 218 477 Cic.
239 441 288 475 ad
317 439 382 485 Qu.
403 440 449 483 fr.
470 441 527 483 ΙΙ,
548 442 594 475 13
615 442 737 483 (15a),
758 445 789 475 1.
816 441 862 476 A.
883 442 917 476 d.
938 441 1002 475 IV
1018 442 1116 476 Non.
1137 443 1236 484 Iun„
1256 453 1324 486 quo
1343 443 1402 477 die

51 489 210 525 Romam
229 489 321 530 veni,
346 488 466 532 accepi
492 492 574 522 tuas
600 488 738 522 litteras
762 488 869 523 datas
895 489 1097 531 Placentia,
1123 490 1250 524 deinde
1269 490 1403 525 alteras

47 536 226 582 postridie
251 536 357 570 datas
382 536 405 579 †
426 535 691 570 Blandenonne
710 546 790 569 cum
811 536 977 571 Caesaris
997 537 1124 571 litteris
1143 537 1284 580 refertis
1304 538 1403 571 omni

53 584 187 627 officio,
212 583 415 628 diligentia,
441 583 630 618 suavitate.
663 582 757 617 Sunt
781 583 853 617 ista
879 584 1019 628 quidem
1046 595 1180 629 mayna
1204 585 1258 619 vel
1278 585 1403 629 potius

49 631 235 672 maximcm
265 630 395 665 habent
420 631 515 664 enim
546 631 617 664 vim
642 641 812 675 maynam
838 632 887 665 ad
917 631 1071 676 yloriam
1096 636 1128 666 et
1153 632 1201 665 ad
1226 643 1403 666 summam

49 679 263 724 dignitatem
271 691 284 720 ;
309 677 369 712 sed
396 677 483 711 mihi
508 678 625 719 crede,
651 689 753 721 quem
778 679 890 720 nosti,
916 678 1011 722 quod
1038 679 1076 712 in
1102 679 1181 713 istis
1208 680 1314 713 rebus
1339 690 1402 725 eyo

45 725 201 770 plurimi
221 725 380 766 aestimo,
400 725 438 758 id
458 725 533 758 iam
552 725 674 767 habeo,
694 728 725 759 te
744 725 878 760 scilicet
892 726 1053 769 primum
1068 730 1141 760 tam
1154 727 1401 761 inservientem

48 772 229 808 communi
253 772 446 817 dignitati,
472 772 601 806 deinde
623 771 789 808 Caesaris
809 777 950 807 tantam
970 773 1010 807 in
1030 784 1082 808 me
1102 784 1273 817 amorem,
1299 785 1401 818 quem

47 820 214 855 omnibus
247 820 294 854 iis
319 819 531 861 honoribus,
556 830 643 864 quos
675 830 727 854 me
753 831 776 854 a
801 830 836 854 se
861 824 1062 864 eoespectare
1096 821 1186 863 cult,
1212 825 1400 865 antepono.

48 867 211 903 Litterae
245 878 326 901 vero
361 867 438 901 eius
472 878 550 900 ‘una
584 867 691 901 datae
726 878 805 901 cum
840 868 930 910 tuis,
965 879 1119 912 quarum
1158 868 1306 902 initium
1341 873 1403 911 est,

49 926 158 959 quam
184 915 308 949 suavis
328 914 360 947 ei
386 918 470 948 tuus
490 914 538 948 ad
544 918 665 948 ventus
687 914 811 957 fuerit,
837 919 868 949 et
889 915 1086 949 recordatio
1109 916 1230 949 ceteris
1256 917 1403 958 canoris,

49 962 179 997 deinde
210 972 244 996 se
276 961 501 1004 effecturum,
532 965 572 996 ut
603 972 664 1006 eqo
696 962 737 995 in
768 962 882 996 medio
913 962 1033 997 dolore
1066 973 1109 997 ac
1139 963 1314 997 desiderio
1346 964 1404 998 tui

47 1013 98 1051 te,
129 1019 210 1044 cum
235 1020 258 1042 a
283 1019 335 1042 me
362 1008 508 1050 abesses,
529 1009 758 1052 potissimum
782 1020 897 1044 secum
923 1021 993 1044 esse
1019 1010 1184 1052 laetarer,
1208 1011 1402 1045 incredibi-

51 1057 131 1091 liter
165 1056 396 1090 delectarunt.
433 1058 478 1089 2.
497 1084 502 1089 .
521 1085 526 1089 .
545 1084 574 1090 ..
612 1056 727 1090 Modo
761 1057 851 1091 milii
886 1057 968 1092 date
1002 1057 1261 1100 Britanniam,
1293 1069 1404 1102 quam

46 1104 199 1149 pingam
225 1103 403 1138 coloribus
428 1103 518 1144 tuis,
538 1103 711 1146 penicillo
736 1114 820 1139 meo.
872 1104 941 1139 Sed
966 1105 1055 1148 quia
1079 1104 1167 1149 eyo?
1192 1106 1288 1149 quod
1313 1106 1404 1139 mihi

47 1155 202 1195 tempus,
229 1150 366 1185 Romae
396 1151 628 1194 praesertim,
659 1155 699 1185 ut
724 1151 788 1185 iste
814 1163 867 1186 me
893 1156 1012 1197 roqat,
1043 1153 1222 1195 manenti,
1247 1163 1403 1187 vacuum

49 1197 277 1233 ostenditur?
404 1200 436 1232 3.
467 1197 676 1232 Trebatium
707 1199 802 1242 quod
834 1199 882 1233 ad
913 1210 948 1234 se
979 1199 1152 1242 miserim,
1180 1200 1339 1244 persalse
1370 1205 1404 1235 et

48 1246 255 1280 humaniter
286 1244 394 1279 etiam
425 1245 567 1290 yratias
591 1245 681 1279 mihi
706 1246 802 1290 agyit;
832 1251 940 1291 negyat
964 1247 1058 1280 enim
1084 1247 1124 1280 in
1150 1251 1254 1281 tanta
1279 1248 1402 1282 multi-

48 1293 176 1328 tudine
201 1303 332 1336 eorwn,
359 1293 423 1336 qui
447 1303 525 1326 una
544 1296 667 1335 essent,
693 1304 904 1337 quemquam
922 1294 1047 1337 fuisse,
1067 1295 1130 1338 qui
1155 1295 1403 1329 vadimonium

51 1341 234 1384 concipere
250 1343 375 1384 posset.

147 1387 218 1422 Cic.
255 1387 303 1421 ad
331 1386 438 1421 Fam.
466 1386 560 1429 VH,
585 1389 627 1429 3,
647 1390 667 1421 1
708 1387 894 1431 (Trebatio
931 1400 1038 1423 mens.
1072 1389 1184 1433 Iam).
1248 1389 1403 1434 Scripsit

48 1435 98 1470 ad
124 1446 176 1469 me
197 1434 330 1469 Caesar
350 1434 625 1478 perhumaniter
649 1435 811 1469 nondum
836 1439 868 1470 te
887 1436 958 1470 sibi
976 1437 1065 1471 satis
1085 1447 1155 1471 esse
1179 1436 1404 1479 familiarem

43 1486 194 1527 propter
219 1482 470 1525 occupationes
494 1492 592 1524 suas,
617 1482 677 1516 sed
703 1486 791 1517 certe
815 1483 902 1525 fore.

144 1530 215 1564 Cic.
237 1529 285 1563 ad
306 1528 412 1563 Fam.
430 1528 518 1571 VH,
532 1531 589 1572 17,
604 1532 629 1563 2
649 1529 837 1573 (Trebatio
859 1542 963 1565 mens.
986 1530 1109 1573 Sext).
1138 1531 1228 1566 Cum
1247 1531 1404 1566 viderem

47 1588 100 1612 me
127 1589 150 1611 a
177 1576 330 1611 Caesare
355 1576 708 1619 lionoriftcentissime
734 1579 887 1612 tractari
911 1582 943 1612 et
967 1579 1071 1613 unice
1097 1579 1205 1624 diliyi
1228 1579 1402 1613 hominis-

48 1635 114 1669 que
140 1624 391 1659 liberalitatem
419 1624 660 1658 incredibilem
688 1628 718 1659 et
743 1625 963 1670 sinqularem
989 1627 1095 1669 fidem
1120 1637 1268 1669 nossem,
1292 1627 1344 1661 sic
1369 1627 1404 1661 ei

47 1676 79 1707 te
104 1671 348 1706 commendavi
373 1675 406 1705 et
431 1671 590 1713 tradidi,
615 1675 656 1706 ut
680 1672 890 1716 yravz'ssz'me
915 1673 1254 1718 diligentissimeque
1274 1674 1404 1718 potui,-

47 1719 142 1764 quod
172 1719 232 1754 ille
258 1719 311 1753 ita
336 1721 368 1753 et
400 1719 535 1762 accepit
561 1723 592 1753 et
623 1719 712 1752 mihi
736 1730 840 1763 saepe
872 1720 1000 1755 litteris
1030 1721 1251 1766 siqnifieavit
1276 1725 1308 1755 et
1332 1721 1401 1756 tibi

49 1770 81 1802 et
105 1766 220 1801 verbis
245 1770 277 1801 et
301 1776 339 1800 re
370 1766 525 1800 ostendit
549 1777 628 1800 mea
653 1767 956 1802 commeiulatione
980 1779 1052 1803 sese
1082 1768 1186 1802 valde
1211 1779 1281 1803 esse
1307 1779 1401 1803 com·

49 1817 193 1849 motum.

143 1860 214 1895 Cic.
241 1860 291 1895 ad
319 1860 385 1905 Qu.
413 1861 459 1904 fr.
481 1861 544 1902 ΙΙ,
565 1864 610 1895 15
632 1863 731 1904 (16),
752 1864 774 1895 5
801 1864 922 1904 (mens.
945 1861 1069 1905 Sext).
1118 1862 1404 1907 Quomodonam,

47 1908 98 1942 mi
121 1908 255 1951 frater,
281 1908 323 1942 de
347 1908 482 1943 nostris
506 1908 666 1942 versibus
694 1908 853 1943 Caesar?
895 1909 996 1943 Nam
1022 1910 1182 1953 primum
1209 1910 1342 1944 librum
1365 1921 1405 1944 se

45 1955 174 2001 leyisse
204 1956 348 1999 scripsit
383 1956 432 1990 ad
457 1967 510 1990 me
536 1960 620 1990 ante
645 1960 677 1990 et
696 1957 821 2000 prima
846 1957 914 1999 sic,
939 1961 979 1991 ut
1003 1961 1104 2002 neyet
1128 1969 1163 1992 se
1187 1968 1232 1992 ne
1259 1957 1404 1992 Graeca

51 2003 194 2047 quidem
218 2003 368 2037 meliora
394 2003 537 2048 leyisse;
561 2003 702 2047 reliqua
729 2004 777 2038 ad
797 2004 975 2048 quendam
1002 2005 1116 2039 locum
1141 2001 1403 2053 ῥ’ᾳθυμότερα,·

45 2050 116 2085 ⁴hoc
140 2050 234 2085 enim
259 2051 378 2085 utitur
402 2051 515 2085 verbo.

145 2097 218 2132 Cic.
239 2098 288 2132 acl
311 2097 376 2142 Qu
397 2098 444 2141 fr.
465 2098 544 2141 III,
565 2101 600 2141 1,
620 2101 667 2133 10
694 2101 816 2141 (mens.
839 2098 961 2142 Sept).
1006 2099 1064 2134 De
1089 2100 1279 2134 tribunatu
1306 2100 1402 2143 quod

46 2145 190 2187 scribis,
221 2155 283 2190 eyo
320 2156 398 2180 vero
429 2146 646 2180 nominatim
667 2146 781 2189 petit-i
807 2145 951 2188 Curtio,
976 2151 1008 2180 et
1038 2147 1128 2180 mihi
1159 2148 1234 2191 ipse
1267 2147 1404 2181 Caesar

47 2192 264 2226 nominatim
291 2191 417 2227 Curtio
444 2197 620 2237 paratum
651 2204 721 2227 esse
751 2194 934 2237 rescripsit
959 2205 1140 2238 meamque
1166 2195 1207 2228 in
1237 2194 1404 2239 rogando

47 2239 300 2274 verecundiam
325 2239 539 2285 obiuryavit.

142 2286 213 2321 Cic.
241 2287 290 2321 ad
319 2286 425 2322 Fam.
452 2288 486 2329 I,
507 2291 541 2330 9,
561 2290 608 2322 19
635 2288 835 2332 (Lentulo)⁷
885 2288 942 2322 De
975 2288 1124 2323 Vatinio
1150 2289 1312 2332 primum
1345 2300 1400 2322 re-

47 2333 145 2369 ditus
181 2334 427 2369 intercesserat
462 2335 504 2368 in
539 2336 698 2380 qratiam
732 2347 798 2380 per
835 2336 1063 2379 Pompeium,
1102 2337 1225 2371 statim
1262 2340 1302 2370 ut
1339 2336 1402 2370 ille

0 2392 1 2402 ¹
39 2385 190 2425 praetor
214 2385 264 2417 est
293 2382 430 2425 factus,
465 2393 545 2416 cum
570 2383 713 2426 quidem
745 2394 805 2428 eyo
831 2384 908 2418 eius
934 2383 1143 2427 petitionem
1174 2383 1404 2429 yravissimis
