1669 2574
231 123 313 165 156
515 123 551 158 C.
577 122 691 157 IULH
717 121 946 156 CAESARIS
972 121 1282 156 FRAGMENTA.

229 219 457 253 ambitionem
489 216 765 261 magistratuum
796 220 940 261 auqeret
970 216 1131 251 adiectio,
1182 216 1233 250 sic
1263 226 1402 250 annum
1427 217 1563 251 civilem

232 265 365 299 Caesar
389 264 522 298 habitis
547 263 596 297 ad
616 263 741 297 lunam
759 263 1043 298 dimensionibus
1062 263 1294 298 constitutum
1313 263 1426 298 edicto
1441 264 1566 307 palam

227 313 345 357 posito
370 310 581 355 publicavit.

326 405 455 438 Comm.
495 404 605 438 Bern.
645 404 685 438 in
722 404 863 438 Lucan.
897 405 951 448 X,
993 406 1074 439 187.
1131 404 1312 438 Eudoxus
1353 408 1435 447 post
1471 404 1575 438 VIII

230 463 368 486 annum
399 452 505 486 solem
536 452 578 485 in
608 462 753 485 cursum
782 463 888 486 suum
912 452 1008 487 dixit
1031 452 1174 495 reverti,
1205 451 1338 486 Caesar
1358 455 1440 495 post
1465 452 1568 495 quin-

230 499 438 543 quennium,
464 509 534 543 quo
553 503 699 542 peracto
725 499 918 533 bisseoetum
942 510 1013 533 esse
1034 499 1226 543 praecepit.
1257 519 1296 524 -
1326 498 1438 533 Schol.
1462 497 1569 532 Guel-

229 546 316 589 ferb.
344 546 392 579 ad
423 546 573 580 eundem
603 556 759 580 versum:
796 546 978 580 Eudoxus
1003 547 1097 580 enim
1122 546 1170 580 ad
1195 557 1340 581 cursum
1364 557 1470 579 suum
1490 549 1571 589 post

238 593 342 627 VIII
367 604 484 627 annos
514 593 620 627 solem
650 594 779 628 reverti
809 593 898 627 dicit
929 597 960 628 et
984 604 1055 627 esse
1080 604 1218 627 annum
1243 604 1425 638 maynum,
1454 592 1572 627 Gaius

230 651 312 675 vero
344 640 477 674 Caesar
509 645 591 684 post
628 641 932 684 quinquennium,
969 651 1038 684 quo
1070 644 1216 684 peracto
1248 641 1302 674 bis
1334 644 1472 675 scaetum
1502 650 1572 674 esse

228 688 421 732 praecepit.

329 781 430 816 Ovid.
458 781 560 816 Fast.
587 782 675 824 III,
696 784 907 815 155—166:

421 853 490 888 Sed
515 857 633 888 tamen
658 853 829 887 errabant
853 853 1059 887 etiamnunc
1084 856 1260 896 tempora
1286 852 1396 886 donec

469 900 634 934 Caesaris
659 900 700 933 in
725 900 847 934 multis
872 900 957 934 haec
982 910 1118 943 quoque
1143 910 1232 934 cura
1256 899 1338 942 fuit.

420 958 495 982 non
519 948 605 981 haec
630 947 690 981 ille
714 947 801 981 deus
826 951 1015 1000 tantaeque
1035 947 1252 1000 propaginis
1277 950 1403 981 auctor

468 994 620 1029 credidit
644 994 776 1037 officiis
801 1004 872 1028 esse
897 994 1040 1028 minora
1065 994 1159 1036 suis,

416 1042 703 1086 promissumque
727 1041 798 1075 sibi
823 1041 936 1076 voluit
955 1052 1188 1094 praenoscere
1213 1041 1350 1075 caelum

469 1100 532 1123 nec
557 1088 643 1123 deus
669 1088 812 1133 iynotas
836 1089 960 1132 hospes
984 1089 1078 1122 inire
1103 1089 1232 1122 domos.

445 1136 506 1170 ille
531 1146 650 1170 moras
675 1136 777 1177 solis,
803 1136 934 1180 quibus
958 1136 999 1169 in
1023 1147 1091 1170 sua
1115 1136 1222 1180 siqna
1245 1135 1387 1177 rediret,

468 1183 629 1217 traditur
654 1183 788 1218 exactis
812 1183 1029 1227 disposuisse
1053 1183 1158 1217 notis.

423 1231 455 1265 is
480 1230 592 1264 decies
616 1241 719 1264 senos
744 1234 936 1265 tercentum
961 1234 992 1265 et
1018 1230 1173 1274 quinque
1198 1229 1322 1264 diebus

469 1278 594 1312 iunoeit
618 1281 651 1312 et
676 1288 693 1311 e
712 1277 821 1321 pleno
847 1282 1007 1322 tempora
1032 1281 1164 1322 quarta
1188 1277 1255 1311 die.

422 1325 480 1359 hic
504 1325 596 1359 anni
620 1325 746 1359 modus
771 1329 829 1359 est.
880 1325 921 1358 in
947 1325 1099 1359 lustrum
1125 1324 1284 1359 accedere
1310 1324 1426 1366 debet,

471 1383 561 1416 quae
585 1376 852 1407 consummatur
873 1372 1060 1416 partibus,
1086 1383 1162 1405 una
1187 1372 1272 1406 dies.

327 1443 421 1478 Suet.
454 1442 549 1477 Caes
551 1445 633 1513 9.4O
686 1443 783 1477 Plin
823 1443 911 1477 Nat.
948 1442 1045 1477 Hist.
1079 1442 1243 1484 XVIII,
1275 1444 1357 1476 211
1410 1442 1574 1477 Macrob.

234 1491 309 1526 Sat
336 1491 375 1533 Ι,
400 1492 463 1532 14,
492 1494 519 1524 1
574 1519 579 1523 .
631 1489 742 1525 Solin.
771 1493 809 1532 1,
838 1493 894 1524 45.
922 1492 979 1524 46.
1032 1489 1214 1524 Censorin.
1248 1489 1290 1524 de
1321 1489 1379 1523 dic
1410 1493 1484 1524 nat.
1512 1491 1574 1531 20,

234 1541 363 1573 8-11,
404 1541 464 1579 21,
490 1539 522 1571 7
546 1492 626 1577 222,
656 1540 708 1571 16.
760 1537 858 1572 Plut.
887 1536 984 1571 Caes.
1013 1539 1069 1571 59.
1114 1537 1276 1581 Appian.
1305 1537 1396 1571 Bell.
1424 1537 1488 1571 civ.
1516 1537 1574 1579 ΙΙ,

237 1588 316 1620 154.
368 1585 443 1619 Dio
470 1584 566 1619 Cass.
595 1585 749 1626 XLIII,
773 1587 833 1619 26
884 1584 979 1630 Lyd.
1006 1585 1048 1619 de
1076 1584 1220 1619 mensib.
1249 1587 1282 1628 3,
1309 1586 1341 1619 4.
