1638 2600
465 97 566 132 CAP.
594 97 986 134 XXXHH—XXXVII.
1338 99 1394 139 25

61 194 265 236 tunitates
295 194 414 244 vidit,
457 194 570 247 quod
607 194 650 234 in
689 194 793 235 locis
825 194 1114 248 superioribus
1145 193 1287 235 nullus
1320 194 1394 234 im-

61 261 184 313 petus
226 257 472 312 repentinus
519 258 704 299 accidere
746 257 935 298 hostium
973 260 1160 312 poterat,
1204 261 1246 299 et
1283 258 1396 312 quod

63 321 326 376 Cappadocia
355 321 424 362 his
456 322 568 377 iugis
601 322 791 364 subiecta
821 335 1018 376 magnam
1045 326 1304 364 commeatus
1331 337 1394 364 00-

61 387 175 442 piam
207 389 297 428 erat
328 386 713 428 subministratum.

149 449 344 492 XXXVI.
396 449 643 504 Complures
680 450 850 492 interim
887 449 1122 505 legationes
1156 451 1393 492 Pharnaces
1422 461 1439 491 1

62 516 114 557 ad
149 514 387 556 Domitium
425 515 577 569 mittit,
615 530 720 570 quae
759 514 808 556 de
845 529 946 568 pace
985 519 1158 570 agerent
1194 515 1395 571 regiaque

62 594 236 622 munera
264 579 456 620 Domitio
488 579 656 621 ferrent
717 579 782 620 Ea
813 581 1056 620 constanter
1085 580 1227 621 omnia
1258 594 1394 634 asper·
1421 590 1443 620 ε.)

61 644 242 686 nabatur
278 658 354 685 nec
393 644 474 685 sibi
513 644 737 699 quicquam
781 642 871 684 fore
916 643 1132 697 antiquius
1173 658 1299 698 quam
1338 643 1395 684 dj-

62 708 269 764 gnitatem
299 708 447 762 populi
472 708 654 749 Romani
679 711 721 749 et
752 721 882 762 regna
907 707 1119 748 sociorum
1150 723 1396 762 recuperare

60 773 213 828 legatis
257 772 548 827 respondebat.
618 771 785 827 Magnis
829 773 871 812 et
914 771 1127 812 continuis
1171 771 1395 813 itineribus
1423 783 1444 813 3

62 836 264 879 confectis
291 851 385 878 cum
418 836 662 877 adventaret
690 837 741 878 ad
765 835 1022 890 Nicopolim,
1055 835 1168 890 quod
1194 837 1397 890 oppidum

60 902 250 956 positum
277 902 320 943 in
340 900 543 942 Armenia
567 901 729 942 minore
750 903 814 942 est
838 900 964 954 plano
985 900 1124 954 ipsum
1150 899 1255 954 loco,
1280 914 1396 941 mon-

61 966 177 1007 tibus
217 969 359 1007 tamen
400 966 498 1007 altis
539 965 590 1006 ab
632 965 796 1006 duobus
832 963 1036 1004 lateribus
1076 964 1252 1005 obiectis
1293 964 1396 1005 satis

61 1044 217 1085 magno
237 1030 460 1072 intervallo
480 1030 532 1071 ab
554 1030 709 1084 oppido
735 1029 921 1082 remotis,
948 1031 1084 1070 castra
1108 1029 1252 1082 posuit
1270 1028 1397 1084 longe

62 1110 86 1136 a
116 1094 317 1148 Nicopoli
349 1095 516 1136 circiter
547 1094 666 1135 milia
695 1108 897 1148 passuum
928 1105 1004 1134 VII.
1055 1092 1218 1143 Quibus
1250 1108 1300 1134 ex
1333 1107 1395 1134 ca·
1422 1104 1445 1134 4

63 1160 163 1201 stris
189 1174 284 1201 cum
315 1159 433 1200 locus
466 1161 671 1214 angustus
704 1161 829 1212 atque
862 1158 1090 1212 impeditus
1123 1160 1234 1199 esset
1264 1161 1396 1198 trans-

67 1224 241 1277 eundus,
265 1223 503 1264 Pharnaces
524 1223 568 1263 in
587 1222 753 1263 insidiis
775 1222 956 1263 delectos
982 1222 1144 1276 pedites
1170 1236 1398 1277 omnesque

61 1302 191 1342 paene
223 1287 434 1341 disposuit
465 1287 640 1341 equites,
671 1300 869 1340 magnam
908 1289 1050 1327 autem
1081 1286 1397 1328 multitudinem

60 1351 225 1407 pecoris
256 1351 369 1392 intra
401 1365 469 1392 eas
500 1351 643 1392 fauces
676 1350 871 1404 dissipari
903 1351 1029 1391 iussit
1059 1364 1331 1405 paganosque
1357 1354 1399 1391 et

63 1416 295 1471 oppidanos
321 1415 366 1456 in
390 1415 457 1456 his
483 1415 588 1456 locis
614 1415 847 1468 obversari,
879 1418 928 1455 ut
953 1414 1043 1456 sive
1069 1415 1229 1456 amicus
1253 1414 1396 1456 Domi-
1424 1426 1445 1456 5

61 1481 147 1522 tius
179 1494 248 1521 eas
281 1479 498 1534 angustias
530 1479 748 1533 transiret,
787 1478 895 1520 nihil
928 1479 978 1520 de
1016 1479 1184 1520 insidiis
1217 1480 1397 1534 suspica-

61 1548 196 1599 retur,
239 1559 335 1586 cum
377 1544 422 1584 in
467 1544 581 1599 agris
620 1547 662 1585 et
706 1558 858 1598 pecora
902 1546 944 1584 et
979 1543 1173 1585 homines
1211 1545 1398 1585 animum

63 1610 300 1651 adverteret
336 1609 494 1650 versari
535 1611 752 1662 tamquam
794 1608 1026 1649 amicorum
1068 1608 1268 1663 adventu,
1312 1609 1399 1650 sive

62 1674 259 1716 inimicus
285 1676 334 1714 ut
358 1673 402 1714 in
427 1672 617 1714 hostium
642 1673 747 1714 fines
772 1673 947 1728 veniret,
978 1673 1133 1728 praeda
1165 1673 1401 1728 diripienda

61 1738 218 1780 milites
251 1738 558 1792 dissiparentur
590 1738 851 1792 dispersique
884 1738 1164 1779 caederentur.

150 1801 368 1844 XXXVII.
402 1801 519 1843 Haec
539 1817 635 1843 cum
655 1802 982 1857 administraret,
1007 1817 1239 1857 numquam
1258 1805 1399 1843 tamen
1428 1814 1446 1843 1

62 1867 373 1909 intermittebat
408 1867 572 1922 legatos
611 1867 661 1908 de
700 1881 802 1921 pace
841 1870 967 1922 atque
1006 1867 1193 1908 amicitia
1232 1867 1400 1908 mittere

64 1932 116 1973 ad
145 1932 396 1986 Domitium,
427 1946 522 1973 cum
552 1931 634 1972 hoc
665 1931 756 1985 ipso
790 1931 975 1973 crederet
1005 1931 1175 1972 facilius
1208 1946 1303 1973 eum
1336 1932 1399 1972 de-

65 1996 147 2051 cipi
186 2010 320 2050 posse.
382 1995 443 2037 At
480 1998 629 2037 contra
660 2011 756 2050 spes
793 1996 909 2050 pacis
939 1995 1130 2037 Domitio
1169 1996 1213 2037 in
1245 1996 1399 2037 eisdem
1427 2006 1448 2036 2

65 2060 214 2102 castris
244 2061 436 2102 morandi
469 2060 614 2102 attulit
643 2075 822 2102 causam.
885 2059 952 2101 Ita
976 2059 1216 2102 Pharnaces
1248 2059 1402 2100 amissa

64 2125 247 2180 proximi
278 2125 482 2180 temporis
515 2125 732 2166 occasione
758 2125 932 2179 veritus,
964 2139 1016 2166 ne
1049 2126 1402 2179 cognoscerentur

64 2189 258 2244 insidiae,
296 2204 394 2231 suos
432 2190 475 2230 in
515 2191 652 2231 castra
689 2189 915 2231 revocavit.
976 2188 1192 2230 Domitius
1230 2189 1400 2242 postero
1426 2199 1448 2229 3

66 2252 131 2294 die
161 2253 335 2307 propius
366 2252 610 2307 Nicopolim
649 2254 827 2294 accessit
865 2256 1085 2307 castraque
1117 2251 1272 2306 oppido
1308 2265 1401 2292 con·
1428 2290 1431 2295 ,

65 2317 175 2358 tulit.
239 2317 352 2367 Quae
385 2317 484 2358 dum
516 2318 716 2359 muniunt
741 2318 889 2371 nostri,
920 2317 1159 2358 Pharnaces
1186 2316 1316 2357 aciem
1343 2316 1402 2356 in—
