1638 2600
599 89 624 124 Ι,
659 87 942 123 ORATIONES.
1360 90 1443 130 139

195 183 308 219 Schol.
341 183 432 218 Bob.
465 184 505 217 iu
539 183 610 218 Cic.
644 183 730 218 Sest.
762 194 799 226 p.
826 185 900 217 297
935 182 993 217 Or.
1050 183 1108 218 De
1145 184 1234 218 actis
1273 184 1444 228 loquitur,

99 242 189 276 quae
218 231 347 266 habuit
377 231 419 264 iri
450 231 640 265 consulatu
667 230 703 264 O.
733 230 866 264 Caesar
890 230 1138 274 inauspicato,
1169 235 1210 265 ut
1234 231 1424 266 videbatur
1430 245 1444 273 ‚·

98 289 170 323 qua
207 278 249 313 de
286 289 324 312 re
361 278 532 312 adversus
569 289 647 312 eum
684 281 829 322 egerant
866 277 907 311 iri
944 282 1071 312 senatu
1110 278 1146 312 C.
1181 278 1375 312 Memmius
1412 282 1444 312 et

97 325 142 360 L.
170 325 357 360 Domitius
383 329 584 368 praetores,
617 329 648 360 et
679 325 795 368 ipsius
822 323 988 358 Caesaris
1019 325 1199 360 orationes
1229 329 1355 360 contra
1380 326 1443 360 hos

99 376 243 415 extant,
269 371 456 419 (quibus)
483 377 514 406 et
539 383 607 406 sua.
633 376 714 406 acta
739 371 900 414 defendit
924 376 956 406 et
980 372 1061 406 illos
1086 373 1290 407 insectatur.

193 419 306 454 Schol.
335 419 425 453 Bob.
452 420 495 453 iri
521 419 592 454 Cic.
620 419 740 454 Vatia.
762 429 800 462 p.
829 420 901 452 317
929 418 987 453 Or.
1040 418 1271 454 Commiserat
1301 420 1444 454 senatui

98 477 247 501 causam
272 477 376 501 suam
404 466 440 500 C.
470 466 614 509 Caesar,
639 466 679 500 id
704 470 770 508 est,
795 469 836 500 ut
860 465 903 499 de
929 466 1000 511 leye
1025 467 1177 511 ayraria
1197 471 1320 511 patres
1345 467 1442 501 iudi-

96 518 227 548 carent.
272 513 335 547 Ibi
360 514 453 548 enim
478 514 622 548 habitae
646 517 730 548 suut
755 517 824 547 tres
848 512 935 547 illae
960 514 1139 548 orationes
1164 518 1289 549 contra
1313 514 1442 548 Domi-

96 561 185 596 tium
210 565 242 595 et
268 561 489 595 Memmium.

191 607 286 642 Suet.
317 607 413 642 Caes.
444 610 499 642 73.
554 607 628 642 Gai
654 607 823 649 Memmi,
854 607 957 641 euius
983 608 1192 651 asperrimis
1216 608 1442 643 orationibus

94 665 169 689 riori
206 655 343 689 vminore
380 656 572 690 acerbitate
608 655 854 699 rescripserat,
892 655 999 689 etiam
1035 655 1258 700 suffrayator
1289 666 1371 690 mox
1401 656 1442 689 iu

90 702 264 746 petitione
290 703 499 737 consulatus
523 703 606 745 fuit.

191 749 246 792 Cf.
275 749 369 785 Suet.
398 750 486 784 Ner.
512 752 546 784 2.

215 853 375 893 Oratio
408 856 466 893 acl
495 856 668 893 milites
699 855 948 892 seditiosos
980 867 1015 893 a.
1042 867 1079 892 u.
1102 865 1129 892 e.
1156 853 1318 892 DOO'V.

187 925 265 961 Dio
292 925 388 960 Cass.
417 926 526 968 XLI,
551 928 706 960 26—35.
757 926 919 970 Appiau.
947 925 1039 960 Bell.
1067 926 1131 960 civ.
1158 926 1215 968 II,
1240 928 1297 960 47.

272 1036 433 1075 Oratio
466 1039 590 1085 apud
619 1038 791 1075 milites
824 1039 870 1075 iu
899 1036 1073 1084 Africa
1103 1037 1265 1075 habita

552 1115 586 1140 a.
612 1115 649 1140 u.
677 1114 704 1140 e.
734 1102 973 1141 DOO'VIII.

186 1167 271 1202 Suet
304 1168 399 1202 Caes¹
423 1171 479 1203 66.
518 1168 648 1212 Itaque
673 1179 753 1202 eum
778 1168 974 1212 empectatio
1000 1168 1176 1202 adventus
1195 1168 1310 1202 Iubae
1332 1169 1434 1203 terri-

92 1214 175 1249 bilis
208 1219 310 1257 esset,
348 1215 550 1249 convocatis
587 1215 637 1249 ad
667 1216 867 1250 contionem
897 1215 1075 1250 militibus
1107 1214 1266 1258 Scitote,
1304 1216 1437 1259 iuquit,

89 1261 322 1306 paucissimis
347 1261 405 1296 his
430 1261 560 1295 diebus
578 1261 706 1306 'regem
726 1262 940 1296 adfuturum
961 1273 1044 1296 eum
1064 1262 1193 1296 decem
1210 1262 1436 1307 legionibus,

90 1308 257 1353 equitum
287 1308 461 1354 triginta,
493 1308 584 1343 levis
611 1311 823 1343 armaturae
849 1311 997 1343 centum
1021 1308 1190 1353 milibus,
1224 1309 1434 1354 elephantis

88 1355 275 1390 trecentis
332 1355 490 1391 Proinde
522 1355 697 1390 desinant
728 1356 881 1400 quidam
912 1366 1089 1400 quaerere
1120 1356 1221 1390 ultra
1253 1358 1319 1391 aut
1356 1357 1435 1402 opi-

88 1402 186 1447 nari,
225 1402 406 1447 mihique,
446 1403 510 1448 qui
547 1405 776 1448 compertum
806 1403 944 1448 habeo,
978 1403 1149 1447 oredant3
1188 1406 1253 1438 aut
1284 1403 1435 1448 quidem

88 1450 340 1485 vetustissima
369 1461 462 1485 nave
493 1450 687 1496 impositos
719 1461 951 1495 quocumque
982 1452 1091 1485 vento
1117 1450 1156 1484 in
1182 1462 1435 1496 quascumque

88 1499 205 1532 terras
232 1497 369 1532 iubebo
396 1497 512 1533 avehi.

221 1609 382 1648 Oratio
415 1611 539 1658 apud
568 1611 743 1648 milites
774 1611 825 1648 de
857 1611 1103 1648 commodis
1136 1621 1300 1648 eorum.

182 1679 346 1723 Diomed.
385 1688 466 1723 Art.
508 1688 667 1723 Gramm.
706 1689 758 1723 ed.
792 1688 839 1723 K.
872 1689 900 1722 Ι
926 1699 964 1732 p.
998 1691 1079 1723 400.
1145 1688 1339 1723 ‘Frustro’
1381 1689 1434 1723 ait

87 1733 283 1816 g‘jlg‘ggsar
308 1736 409 1780 apud
434 1736 564 1770 milites
589 1736 631 1770 de
655 1736 847 1771 commodis
872 1746 1011 1770 eorum:
1038 1735 1123 1769 Non
1147 1734 1335 1769 frustrabo
1357 1746 1432 1780 vos,

490 1846 651 1885 Oratio
675 1858 764 1894 pro
794 1847 1027 1896 Bithynis.

184 1923 273 1958 Gell.
300 1924 403 1959 Noet.
430 1924 505 1959 Att.
530 1924 572 1967 V,
597 1927 656 1967 13,
683 1927 716 1959 6.
759 1924 809 1958 In
833 1924 1007 1966 oratioue,
1032 1933 1141 1968 quam
1160 1934 1230 1967 pro
1256 1924 1432 1969 Bithynis

87 1971 195 2014 discit,
218 1971 283 2006 hoc
302 1972 490 2015 principio
514 1983 603 2006 usus
628 1976 696 2006 est:
723 1970 793 2005 Vel
818 1982 884 2016 pro
909 1970 1073 2015 hospitio
1097 1970 1195 2016 regis
1216 1970 1430 2005 Nicomedis

86 2018 143 2052 vel
178 2028 244 2063 pro
282 2018 414 2053 horum
450 2018 691 2063 necessitate⁷
731 2029 888 2062 quorum
925 2019 968 2053 de
1005 2028 1044 2052 re
1083 2017 1224 2063 agitur,
1260 2018 1429 2064 refugere

85 2065 156 2100 hoe
181 2077 324 2110 munus,
350 2066 399 2100 M.
422 2065 544 2110 Iunce,
570 2077 643 2100 non
668 2065 784 2111 potui.
829 2065 926 2100 Nam
950 2076 1070 2110 neque
1095 2065 1287 2100 hominum
1311 2068 1430 2100 morte

86 2112 264 2147 memoria
290 2112 406 2147 deleri
433 2113 554 2158 debet,
581 2113 671 2158 quin
697 2124 719 2147 a
737 2112 913 2158 proximis
933 2112 1150 2157 retineatur,
1176 2123 1297 2157 neque
1317 2112 1430 2147 clien-

86 2161 143 2193 tes
177 2159 254 2194 sine
286 2171 429 2194 summa
459 2160 616 2195 infamia
648 2160 769 2195 deseri
793 2162 965 2205 possunt3
996 2159 1132 2204 quibus
1159 2159 1273 2194 etiam
1299 2171 1321 2194 a
1345 2171 1429 2205 pro-

86 2206 236 2251 pinquis
260 2207 396 2242 nostris
423 2218 529 2252 opem
554 2207 649 2242 ferre
674 2207 915 2242 instituimus.

181 2254 253 2288 Iul.
286 2255 479 2298 Rufiniau.
511 2256 554 2290 de
586 2255 719 2301 Fiyur.
754 2267 792 2300 p.
819 2258 890 2290 201
928 2255 982 2290 ed.
1010 2254 1155 2289 Ruhuk.
1206 2254 1308 2289 Rhet.
1341 2254 1427 2289 Lat.

88 2301 185 2335 Miri.
212 2301 263 2336 ed.
290 2301 403 2337 Halm
429 2314 468 2347 p.
495 2306 543 2338 40
567 2302 595 2349 5
620 2306 654 2337 8.
707 2302 840 2338 Caesar
861 2314 931 2347 pro
957 2302 1150 2347 Bithynis:
1193 2300 1289 2343 Quid
1317 2306 1427 2347 ergo?

87 2348 320 2393 syngraphae
344 2360 418 2384 non
443 2351 539 2394 sunt,
567 2350 630 2384 sed
655 2361 712 2384 res
740 2349 862 2384 aliena
887 2352 953 2384 est.

1145 2407 1212 2441 10*
