1669 2574
284 89 339 130 82
723 87 919 123 BELLUM
943 85 1168 122 AFRICUM.
1628 70 1660 123 ff.

283 187 485 239 armatae3
527 184 661 224 eidem
700 185 840 223 autem
878 182 1032 236 oppido
1071 182 1124 223 ad
1155 182 1351 223 dextrum
1381 182 1494 222 latus
1525 182 1650 223 eius

285 263 415 290 cornu
459 250 548 288 erat
592 246 853 300 oppositum,
896 246 1220 301 verebaturque,
1256 261 1327 300 ne,
1367 246 1403 286 si
1433 247 1614 299 praeter-
1631 243 1649 302 ,ᾖ

284 327 453 368 gressus
480 313 607 365 esset,
639 325 691 352 ex
716 310 871 365 oppido
898 311 1118 364 eruptione
1143 310 1256 351 facta
1286 310 1338 351 ab
1369 309 1500 350 latere
1520 307 1661 363 eumz>¹

284 377 421 418 adorti
453 375 730 417 conciderent.
778 374 1003 416 Praeterea
1032 374 1140 416 haecv
1168 389 1334 429 quoque
1366 388 1462 415 eum
1493 360 1658 415 causat

283 441 484 494 tardavit,
529 439 642 494 quod
679 442 768 480 erat
808 439 927 480 locus
967 438 1137 493 quidam
1179 438 1483 493 perimpeditus
1521 440 1616 479 ante
1632 428 1654 479 2¹.ss

284 505 416 546 aciem
449 503 677 559 Scipionis,
715 518 840 558 quem
872 503 960 544 suis
991 502 1292 557 impedimento
1325 502 1378 543 ad
1407 501 1521 543 ultro
1553 515 1660 543 oc-=v

286 568 538 610 currendum
569 568 659 609 fore
691 567 971 609 existimabat.
1634 575 1651 611 ⁴,

371 630 548 674 LVIHI.
585 631 686 674 Non
705 632 888 673 arbitror
908 646 998 673 esse
1017 631 1452 685 praetermittendum,
1478 644 1618 684 quem·
1653 654 1655 658 ·

287 696 514 738 admodum
534 696 742 738 exercitus
762 697 983 750 utriusque
1005 695 1164 737 fuerint
1189 696 1234 737 111
1254 696 1385 737 3010111
1410 694 1619 736 instructi.
1647 687 1655 742 J

292 760 432 815 Scipio
464 760 545 802 hoc
575 761 701 802 modo
735 761 866 802 aciem
892 760 1064 802 derexit.
1127 759 1376 802 Conlocarat
1406 759 1450 800 in
1479 758 1647 800 fronte

286 839 383 866 suas
422 827 464 866 et
500 823 629 865 Iubae
667 824 874 879 legiones,
911 827 1009 879 post
1046 839 1115 866 eas
1154 827 1294 866 autem
1330 823 1538 866 Numidas
1575 823 1651 864 111”

287 889 539 930 subsidiaria
571 888 658 929 acie
690 888 750 929 ita
781 891 1029 930 extenuatos
1061 891 1104 930 et
1137 888 1182 930 in
1212 888 1523 943 longitudinem
1554 887 1620 932 de.-

287 956 437 1008 rectos,
468 956 517 994 ut
546 952 695 1007 procul
726 952 907 1006 simplex
938 967 1027 994 esse
1053 953 1162 994 acies
1193 952 1331 994 media
1355 952 1406 994 ab
1437 952 1620 1007 legiona-

286 1018 362 1059 riis
386 1017 595 1058 militibus
620 1016 835 1058 videretur
866 1017 930 1071 [in
955 1017 1152 1059 cornibus
1179 1019 1319 1058 autem
1352 1016 1507 1071 duplex
1531 1031 1621 1059 esse

289 1081 642 1136 existimabatur}
708 1080 972 1135 Elephantos
1010 1082 1156 1122 dextro
1198 1081 1454 1135 sinistroque
1492 1095 1622 1123 cornu

289 1146 580 1188 conlocaverat
617 1145 862 1199 aequalibus
902 1146 1012 1187 inter
1049 1159 1120 1187 eos
1159 1145 1394 1186 intervallis
1431 1145 1622 1187 interiec-

288 1211 356 1265 tis,
384 1213 483 1264 post
508 1212 649 1251 autem
669 1209 915 1264 elephantos
935 1212 1169 1251 armaturas
1193 1209 1307 1251 leves
1330 1208 1622 1265 Numidasque

290 1275 516 1316 auxiliares
560 1274 849 1316 substituerat.
909 1272 1163 1327 Equitatum
1204 1273 1417 1315 frenatum
1459 1274 1622 1316 univer-

290 1355 384 1382 sum
415 1340 459 1380 in
491 1353 567 1380 suo
601 1338 749 1380 dextro
782 1351 912 1380 cornu
944 1337 1226 1391 disposuerat:
1259 1337 1479 1379 sinistrum
1511 1338 1623 1380 enim

289 1418 419 1446 cornu
457 1403 611 1458 oppido
648 1402 775 1445 Uzita
813 1401 1103 1457 claudebatur,
1139 1417 1275 1457 neque
1312 1405 1402 1444 erat
1438 1402 1635 1457 spatium'

291 1469 505 1523 equitatus
538 1467 786 1522 explicandi.
846 1465 1070 1507 Praeterea
1098 1465 1308 1509 Numidas
1342 1466 1531 1521 levisque
1562 1482 1624 1508 ar-

288 1535 480 1574 maturae
523 1532 735 1573 infinitam
777 1530 1094 1572 multitudinem
1135 1531 1188 1572 ad
1228 1531 1418 1572 dextram
1460 1534 1624 1586 partem

291 1612 391 1639 suae
423 1597 527 1638 aciei
560 1599 815 1651 opposuerat
851 1595 938 1637 fere
969 1595 1189 1637 interiecto
1221 1610 1307 1636 non
1337 1595 1478 1636 minus
1509 1596 1624 1638 mille

289 1676 493 1716 passuum
531 1660 669 1715 spatio
707 1663 750 1702 et
786 1658 839 1700 ad
876 1659 996 1701 collis
1033 1659 1194 1700 radices
1230 1659 1368 1714 magis
1407 1659 1625 1714 adpulerat

289 1726 545 1781 longiusque
578 1725 628 1766 ab
668 1724 1004 1766 adversariorum
1042 1724 1214 1779 suisque
1245 1724 1377 1778 copiis
1408 1739 1624 1778 promove*

290 1791 376 1845 bat,
407 1791 450 1831 id
480 1789 561 1831 1100
593 1789 781 1843 consilio,
812 1792 877 1843 ut,
909 1803 1005 1830 011111
1036 1789 1145 1830 acies
1178 1789 1282 1830 duae
1314 1788 1425 1830 inter
1455 1804 1500 1830 se
1531 1803 1625 1831 con-

293 1855 540 1908 currissent,
577 1854 700 1895 initio
740 1853 982 1895 certaminis
1018 1853 1144 1908 paulo
1181 1853 1352 1908 longius
1391 1853 1480 1895 eius
1513 1853 1624 1908 equi-

292 1922 407 1961 tatus
458 1919 762 1960 circumvectus
812 1933 864 1959 ex
900 1918 1132 1972 improviso
1176 1917 1388 1959 clauderet
1435 1917 1625 1959 multitu-

294 1983 389 2025 dine
421 1998 497 2024 sua
522 1983 752 2024 exercitum
779 1981 968 2023 Caesaris
995 1985 1121 2037 atque
1151 1982 1447 2036 perturbatum
1478 1982 1625 2024 iaculis
1646 1996 1647 2001 ¹

294 2049 532 2103 configeret.
582 2046 698 2088 Haec
723 2046 806 2087 fuit
831 2047 938 2087 ratio
967 2045 1177 2100 Scipionis
1203 2060 1250 2088 eo
1284 2046 1350 2087 die
1381 2046 1624 2100 proeliandi.

380 2111 466 2153 LX.
510 2110 698 2153 Caesaris
726 2113 867 2152 autem
893 2111 1002 2152 acies
1033 2110 1114 2152 hoc
1138 2111 1263 2152 modo
1289 2110 1373 2151 fuit
1399 2110 1625 2166 conlocata,

293 2180 341 2219 ut
373 2177 424 2218 ab
457 2176 630 2218 sinistro
663 2175 751 2217 eius
785 2189 913 2216 cornu
940 2175 1079 2217 ordiar
1104 2178 1146 2216 et
1174 2175 1226 2216 ad
1258 2175 1453 2216 dextrum
1484 2189 1624 2230 perve-

294 2242 419 2283 niam.
486 2240 650 2282 Habuit
689 2239 900 2295 legionem
943 2251 975 2281 X
1012 2242 1054 2281 et
1089 2251 1139 2280 IX
1180 2240 1224 2281 in
1269 2239 1441 2281 sinistro
1486 2252 1626 2295 cornu,

294 2318 408 2361 xxx,
451 2317 582 2360 xxix,
625 2316 726 2359 xm,
769 2316 866 2359 xlv,
906 2316 1072 2359 XXVIII,
1114 2315 1226 2345 xxw
1271 2304 1314 2345 in
1352 2304 1490 2345 media
1529 2303 1645 2345 acie(
