1638 2600
422 670 683 718 BELLUM
720 670 1164 718 HISPANIENSE.

208 845 238 888 I.
301 846 517 888 Pharnace
555 848 772 901 superato,
802 844 950 887 Africa
987 849 1172 901 recepta,
1210 847 1283 901 qui
1316 861 1367 888 ex
1399 846 1465 888 his
1495 858 1510 888 1

120 911 294 966 proeliis
340 926 435 953 cum
483 911 749 953 adulescente
794 909 866 952 Cn.
910 910 1114 965 Pompeio
1163 911 1468 967 profugissent,

119 990 216 1017 cum
246 1010 372 1017 .....
403 979 444 1018 et
482 976 697 1018 ulterioris
734 974 966 1029 Hispaniae
1004 976 1167 1030 potitus
1199 979 1328 1031 esset,
1366 977 1465 1019 dum

120 1039 274 1082 Caesar
311 1041 558 1082 muneribus
597 1040 745 1082 dandis
784 1040 827 1080 in
864 1038 989 1081 Italia
1021 1041 1245 1096 detinetur,
1280 1075 1467 1083 .......

121 1120 206 1160 quo
238 1106 406 1148 facilius
438 1105 649 1160 praesidia
680 1108 827 1148 contra
859 1109 1134 1162 compararet,
1161 1106 1390 1162 Pompeius
1422 1107 1467 1148 in

118 1171 247 1213 fidem
297 1172 631 1226 uniuscuiusque
675 1171 861 1212 civitatis
905 1171 1133 1227 confugere
1177 1172 1328 1227 coepit.
1402 1170 1469 1214 Ita
1495 1184 1513 1213 2

120 1236 277 1291 partim
303 1236 501 1291 precibus
526 1236 683 1291 partim
708 1236 751 1277 vi
777 1236 883 1277 bene
903 1250 1058 1291 magna
1077 1240 1322 1291 comparata
1339 1251 1467 1278 manu

116 1301 381 1355 provinciam
419 1303 596 1342 vastare.
659 1300 823 1350 Quibus
862 1301 905 1342 in
943 1301 1069 1342 rebus
1106 1302 1336 1343 nonnullae
1369 1302 1467 1344 civi-
1494 1314 1513 1343 3

118 1368 230 1407 tates
280 1381 358 1407 sua
405 1369 556 1421 sponte
600 1365 759 1407 auxilia
801 1365 1047 1421 mittebant,
1091 1367 1194 1408 item
1237 1367 1467 1409 nonnullae

116 1434 264 1486 portas
296 1434 445 1473 contra
476 1431 713 1473 eludebant.
765 1430 834 1472 Ex
866 1431 1021 1485 quibus
1054 1432 1090 1473 si
1123 1447 1206 1487 qua
1238 1432 1393 1487 oppida
1424 1432 1466 1473 vi
1493 1445 1514 1474 4

116 1499 297 1551 ceperat,
324 1511 420 1538 cum
447 1496 602 1551 aliquis
629 1512 679 1538 ex
706 1511 755 1538 ea
780 1496 952 1538 civitate
978 1497 1138 1551 optime
1165 1496 1214 1538 de
1245 1496 1318 1538 Cn.
1344 1496 1467 1538 Pom-

115 1562 211 1616 peio
250 1562 428 1604 meritus
467 1562 571 1604 civis
604 1565 732 1617 esset,
770 1564 944 1616 propter
975 1562 1177 1616 pecuniae
1210 1562 1466 1617 magnitudi-

116 1641 212 1668 nem
239 1626 322 1668 alia
348 1642 431 1682 qua
457 1628 494 1669 ei
521 1627 783 1669 inferebatur
808 1642 945 1681 causa,
977 1629 1025 1668 ut
1050 1642 1098 1669 eo
1126 1627 1176 1669 de
1203 1627 1342 1669 medio
1369 1627 1466 1669 sub—

115 1690 204 1733 lato
237 1707 289 1734 ex
315 1693 406 1734 eius
431 1693 611 1747 pecunia
636 1692 852 1734 latronum
876 1692 1049 1747 largitio
1076 1692 1208 1734 fieret.
1257 1691 1325 1734 Ita
1349 1693 1466 1747 pacis

116 1757 340 1798 commoda
375 1757 500 1799 hoste
531 1758 561 1810 ’ἶ-
591 1757 763 1799 hortato
796 1757 980 1799 maiores
1012 1758 1278 1813 augebantur
1309 1758 1465 1812 copiae.

115 1820 210 1864 Hoc
241 1822 400 1864 crebris
431 1823 595 1865 nuntiis
627 1823 671 1864 in
699 1821 869 1864 Italiam
900 1822 1043 1864 missis
1075 1823 1270 1865 civitates
1303 1826 1464 1864 contra·
1493 1834 1512 1865 5

115 1886 203 1929 riae
234 1886 439 1942 Pompeio
476 1888 718 1930 indicabant
748 1891 786 1929 et
821 1887 980 1929 auxilia
1011 1888 1093 1930 sibi
1126 1887 1464 1943 depostulabant.

204 1951 259 1993 II.
316 1952 358 1994 C.
398 1952 552 1995 Caesar
596 1953 779 1994 dictator
816 1953 956 2007 tertio,
994 1952 1241 2009 designatus
1283 1953 1466 1995 dictator
1494 1966 1510 1995 1

125 2020 277 2071 quarto
324 2017 473 2060 multis
505 2019 686 2061 iterante
706 2018 735 2072 †
756 2017 904 2059 diebus
949 2018 1151 2061 coniectis
1194 2033 1291 2060 cum
1336 2018 1464 2060 celeri

116 2080 390 2124 festinatione
422 2083 475 2124 ad
500 2083 660 2125 bellum
686 2083 993 2125 conficiendum
1020 2083 1064 2125 in
1089 2083 1343 2139 Hispaniam
1369 2098 1465 2125 cum

118 2147 322 2202 venis'set,
355 2147 571 2204 legatique
604 2148 959 2202 Cordubensium,
992 2149 1066 2203 qui
1098 2164 1122 2190 a
1154 2148 1227 2191 Cn.
1258 2148 1465 2203 Pompeio

119 2210 424 2268 discessissent,
453 2213 622 2255 Caesari
655 2214 824 2255 obviam
856 2213 1084 2269 venissent,
1117 2230 1141 2256 a
1173 2214 1328 2269 quibus
1362 2229 1464 2255 nun-

118 2275 305 2319 tiabatur
347 2281 556 2321 nocturno
600 2282 791 2334 tempore
838 2279 1042 2334 oppidum
1087 2279 1327 2321 Cordubam
1372 2279 1465 2333 capi

119 2355 257 2396 posse,
289 2343 402 2397 quod
432 2344 785 2399 necopinantibus
818 2344 1069 2387 adversariis
1102 2347 1191 2389 eius
1223 2344 1465 2401 provinciae

1205 2405 1253 2440 8*
