1669 2574
230 2213 244 2241 1

271 113 291 149 1
299 109 323 150 8
625 108 820 143 BELLUM
844 107 1245 142 ALEXANDRINUM.

267 208 441 246 ventum
468 208 577 246 esset
608 205 897 256 instructaque
928 203 1142 257 utrimque
1169 203 1314 245 classis
1340 203 1601 244 conflixisset

269 272 311 309 et
342 284 416 309 sua
446 268 746 309 consuetudine
771 266 1027 320 Euphranor
1057 267 1219 321 primus
1250 267 1457 322 proelium
1490 281 1599 308 com—

268 332 454 373 misisset
479 335 521 373 et
545 332 851 386 quadriremem
876 330 1065 372 hostium
1090 332 1346 386 perforasset
1371 346 1418 373 ac
1443 332 1599 372 demer-

269 396 406 450 sisset,
437 396 673 449 proximam
704 395 874 450 longius
906 395 1123 437 insecutus
1148 411 1298 451 parum
1325 396 1516 437 celeriter
1539 396 1600 436 in-

270 460 544 513 sequentibus
574 459 749 513 reliquis
782 459 1091 501 circumventus
1124 464 1187 502 est
1213 461 1264 501 ab
1290 460 1600 501 Alexandrinis.

271 523 347 563 Cui
374 524 610 564 subsidium
635 538 758 564 nemo
785 523 896 577 tulit,
921 523 1009 564 sive
1035 525 1147 578 quod
1171 526 1214 566 in
1240 525 1331 579 ipso
1359 525 1460 565 satis
1485 538 1600 578 prae-

270 587 366 627 sidii
403 602 479 640 pro
511 587 668 628 virtute
707 601 754 628 ac
784 587 986 629 felicitate
1019 589 1109 630 eius
1143 592 1342 643 putarent
1373 603 1481 642 esse,
1513 589 1601 629 sive

270 651 382 705 quod
425 652 508 706 ipsi
549 652 630 693 sibi
668 652 885 693 timebant.
946 651 1029 706 Ita,
1068 653 1140 707 qui
1176 668 1284 694 unus
1323 668 1374 695 ex
1405 653 1602 694 omnibus

273 729 321 756 eo
353 716 514 770 proelio
545 716 650 757 bene
682 731 770 757 rem
803 716 947 770 gessit,
978 717 1093 758 solus
1119 732 1213 758 cum
1246 732 1322 759 sua
1346 717 1603 772 quadriremi

269 780 440 821 victrice
472 781 608 834 periit.

356 844 512 886 XXVI.
559 844 645 886 Sub
679 845 790 886 idem
816 849 984 899 tempus
1009 844 1280 887 Mithridates
1304 846 1603 900 Pergamenus,

270 923 447 963 magnae
485 909 723 950 nobilitatis
756 910 867 950 domi
907 910 1189 964 scientiaeque
1226 911 1270 951 in
1306 910 1417 952 bello
1450 912 1492 950 et
1521 910 1602 950 vir-

271 975 394 1028 tutis,
431 974 529 1015 fidei
567 974 870 1028 dignitatisque
908 974 952 1015 in
985 974 1172 1015 amicitia
1204 974 1410 1029 Caesaris,
1446 974 1603 1015 missus

271 1040 313 1080 in
348 1038 513 1092 Syriam
547 1037 820 1092 Ciliciamque
852 1038 975 1079 initio
1006 1039 1108 1079 belli
1139 1038 1417 1080 Alexandrini
1451 1038 1503 1079 ad
1535 1053 1604 1078 au-

270 1103 374 1144 xilia
405 1103 668 1157 arcessenda,
701 1117 795 1143 cum
826 1103 994 1157 magnis
1027 1103 1172 1157 copiiS,
1205 1118 1308 1157 quas
1341 1103 1531 1145 celeriter
1562 1105 1605 1143 et

271 1166 604 1222 propensissima
641 1166 876 1208 civitatium
916 1167 1136 1209 voluntate
1181 1171 1222 1209 et
1261 1183 1341 1223 ‚sua
1385 1167 1606 1222 diligentia

272 1231 520 1284 confecerat,
552 1231 701 1272 itinere
733 1231 929 1286 pedestri,
965 1246 1047 1286 quo
1080 1232 1351 1287 coniungitur
1381 1231 1605 1287 Aegyptus

273 1296 436 1350 Syriae,
476 1295 693 1336 Pelusium
731 1295 900 1336 advenit
937 1296 1062 1350 idque
1095 1297 1296 1350 oppidum
1334 1297 1456 1337 firmo
1488 1311 1604 1350 prae-

273 1361 379 1401 sidio
419 1362 668 1413 occupatum
707 1358 898 1400 Achillae
942 1363 1115 1414 propter
1153 1361 1483 1414 oportunitatem
1521 1360 1617 1402 loci'

272 1450 329 1455 —
367 1439 548 1478 namque
590 1427 680 1465 tota
716 1423 938 1478 Aegyptus
979 1425 1205 1465 maritumo
1247 1439 1415 1465 accessu
1452 1424 1605 1479 Pharo,

271 1489 454 1544 pedestri
486 1488 656 1529 Pelusio
681 1488 799 1529 velut
830 1488 1024 1529 claustris
1055 1488 1220 1528 munita
1250 1488 1517 1529 existimatur
1535 1513 1605 1543 ——,

272 1556 443 1608 repente
473 1553 639 1608 magnis
672 1553 976 1594 circumdatum
1009 1552 1141 1606 copiis
1175 1552 1419 1606 [multiplici
1449 1553 1604 1607 praesi-

273 1619 361 1673 dio]
399 1618 672 1672 pertinaciter
708 1617 1074 1672 propugnantibus
1112 1620 1154 1658 et
1191 1617 1405 1670 copiarum
1444 1617 1604 1673 magni-

272 1683 430 1737 tudine,
463 1697 566 1737 quas
598 1683 785 1737 integras
811 1681 1042 1722 vulneratis
1069 1681 1326 1735 defessisque
1359 1681 1604 1736 subiciebat,

273 1753 315 1789 et
339 1747 652 1802 perseverantia
677 1746 997 1801 constantiaque
1024 1746 1307 1801 oppugnandi,
1339 1760 1420 1800 quo
1448 1746 1514 1787 die
1541 1749 1605 1787 est

273 1813 514 1867 adgressus,
552 1812 595 1852 in
628 1826 746 1852 suam
771 1810 943 1865 'redegit
979 1813 1232 1864 potestatem
1263 1809 1604 1864 praesidiumque

274 1878 332 1919 ibi
365 1891 487 1917 suum
514 1876 746 1917 collocavit.
808 1874 910 1915 Inde
942 1889 985 1915 re
1017 1875 1122 1917 bene
1154 1877 1274 1929 gesta
1303 1873 1604 1915 Alexandriam

274 1942 326 1982 ad
364 1940 583 1982 Caesarem
627 1940 845 1981 contendit
893 1953 1122 1994 omnesque
1165 1954 1234 1981 eas
1277 1939 1487 1993 regiones,
1529 1953 1605 1992 per

274 2020 377 2060 quas
421 2006 501 2046 iter
544 2005 746 2058 faciebat,
796 2004 1046 2045 auctoritate
1091 2019 1158 2058 ea,
1209 2018 1314 2058 quae
1356 2002 1604 2056 plerumque

274 2070 393 2111 adest
422 2068 594 2123 victori,
624 2071 796 2122 pacarat
827 2071 953 2122 atque
986 2069 1029 2109 in
1062 2069 1290 2110 amicitiam
1324 2066 1512 2108 Caesaris
1543 2082 1603 2109 re-

275 2135 456 2189 degerat.

361 2197 537 2239 XXVII.
585 2197 723 2239 Locus
762 2200 825 2239 est
862 2198 949 2239 fere
981 2197 1201 2252 regionum
1234 2196 1400 2237 illarum
1432 2195 1603 2236 nobilis-

275 2264 407 2304 simus
443 2277 528 2303 non
566 2263 626 2303 ita
666 2262 792 2317 longe
833 2262 884 2302 ab
928 2260 1204 2314 Alexandria,
1249 2260 1320 2314 qui
1363 2260 1605 2300 nominatur

274 2328 416 2382 Delta3
449 2327 560 2381 quod
592 2342 744 2368 nomen
777 2341 800 2367 a
832 2326 1108 2368 similitudine
1139 2325 1306 2366 litterae
1339 2325 1466 2379 cepit:
1506 2338 1604 2365 nam

1642 2261 1653 2574 ἔ
