1638 2600
561 99 659 134 CAP.
692 99 859 135 LI—LV.
1319 102 1375 141 35

0 226 8 232 η.
45 195 174 238 currit
211 195 345 236 laetus
385 195 428 235 in
467 198 604 236 castra
641 195 934 250 militibusque
966 196 1201 238 vernaculis
1240 199 1281 237 et
1317 211 1377 237 se-

6 289 8 296 ·
44 259 200 302 eundae
225 258 418 313 legionis,
450 260 604 313 quibus
625 260 721 301 odio
748 260 911 300 sciebat
936 261 1158 314 praecipue
1185 259 1376 301 Cassium

43 338 152 378 esse,
201 323 457 378 gratulatur3
507 324 674 365 tollitur
715 338 738 364 a
780 323 1054 366 multitudine
1094 326 1138 366 in
1178 325 1377 379 tribunal,

41 390 211 443 praetor
231 387 476 441 appellatur.
527 387 664 430 Nemo
691 388 802 429 enim
829 392 902 429 aut
928 389 971 428 in
997 389 1214 443 provincia
1237 392 1374 443 natus,
1402 398 1420 429 5

41 455 89 494 ut
123 451 370 493 vernaculae
414 451 594 506 legionis
640 452 818 506 milites,
863 455 936 492 aut
974 452 1251 494 diuturnitate
1291 454 1374 494 iam

39 516 175 558 factus
206 515 491 570 provincialiS‚
524 531 606 570 quo
639 516 682 558 in
714 530 889 557 numero
918 520 1008 558 erat
1040 518 1222 559 secunda
1250 517 1375 572 legio,

1 795 6 801 ·
39 776 128 815 erat
162 773 222 814 ibi
255 773 454 814 confecta.

123 836 257 879 LIIII.
308 836 485 878 Interim
512 838 733 878 nuntiatur
757 837 975 879 Laterensi
1001 839 1141 880 vivere
1169 838 1370 880 Cassium.
1399 849 1415 879 1

0 916 6 943 ς
38 901 129 951 Quo
161 901 312 943 nuntio
345 901 487 943 dolore
525 902 660 956 magis
699 905 917 956 permotus
950 918 1076 957 quam
1112 905 1251 946 animo
1281 919 1371 958 per—

0 979 4 1005 ι
36 967 232 1007 turbatus
269 966 406 1007 reficit
445 981 487 1007 se
526 965 716 1007 celeriter
754 969 795 1007 et
833 967 884 1007 ad
924 965 1114 1008 Cassium
1151 968 1370 1009 visendum

0 1045 4 1070 ι
35 1030 329 1084 proficiscitur.
391 1029 453 1071 Re
486 1031 656 1084 cognita
698 1042 793 1071 XXX
830 1031 941 1086 legio
980 1032 1102 1087 signa
1134 1031 1370 1073 Cordubam
1397 1043 1416 1072 2

0 1110 4 1136 ι
36 1094 164 1135 infert
208 1095 259 1135 ad
304 1094 510 1135 auxilium
554 1095 774 1136 ferendum
817 1095 1064 1149 imperatori
1105 1111 1191 1137 suo.
1252 1096 1372 1138 Facit

0 1183 3 1189 ·
34 1158 116 1200 hoc
146 1159 257 1200 idem
289 1171 380 1200 XXI.
449 1158 731 1213 Subsequitur
760 1159 837 1203 has
869 1172 909 1201 V.
972 1159 1075 1201 Cum
1109 1161 1213 1202 duae
1243 1161 1370 1216 legio·
1396 1172 1416 1202 3

0 1249 3 1254 ⁷
34 1238 108 1265 nes
140 1223 328 1277 reliquae
355 1226 496 1264 essent
528 1223 573 1264 in
599 1224 761 1278 castris,
794 1225 1021 1266 secundani
1046 1226 1183 1279 veriti,
1213 1240 1266 1266 ne
1291 1226 1370 1267 soli

0 1313 2 1318 ν
34 1287 377 1342 relinquerentur
409 1290 534 1341 atque
567 1302 617 1328 ex
650 1302 716 1341 eo,
759 1287 861 1341 quid
893 1289 1138 1342 sensissent,
1171 1289 1370 1331 iudicare-

0 1372 1 1391 :
35 1354 126 1406 tur,
177 1352 309 1393 secuti
354 1353 454 1392 sunt
502 1351 661 1392 factum
708 1352 985 1406 superiorum.
1046 1352 1285 1395 Permansit
1326 1356 1370 1396 in

36 1416 244 1457 sententia
286 1415 398 1470 legio
437 1415 662 1456 vernacula
705 1431 781 1457 nec
824 1415 912 1457 ullo
957 1416 1109 1457 timore
1146 1417 1195 1458 de
1237 1419 1369 1472 gradu

37 1480 195 1522 deiecta
226 1482 300 1521 est.

121 1543 207 1586 LV.
260 1543 430 1586 Cassius
463 1559 552 1598 θος,
594 1545 668 1598 qui
705 1546 912 1586 nominati
944 1548 1064 1587 erant
1095 1546 1251 1588 conscii
1282 1561 1368 1588 cae·
1396 1558 1413 1588 1

35 1609 111 1664 dis7
142 1609 260 1650 iubet
292 1608 608 1663 comprehendi3
639 1608 851 1664 legionem
882 1621 913 1651 V
944 1610 988 1651 in
1021 1613 1158 1651 castra
1187 1612 1369 1653 remittit

35 1673 279 1716 cohortibus
322 1685 419 1715 XXX
461 1673 649 1715 retentis.
728 1672 891 1716 Indicio
933 1673 1111 1716 Minucii
1151 1677 1368 1730 cognoscit

35 1737 80 1780 L.
112 1738 324 1780 Racilium
363 1741 405 1780 et
440 1738 486 1779 L.
518 1737 789 1779 Laterensem
828 1740 869 1778 et
905 1736 1094 1780 Annium
1134 1739 1368 1796 Scapulam,

35 1803 241 1844 maximae
279 1803 503 1858 dignitatis
542 1805 584 1844 et
621 1803 780 1857 gratiae
816 1803 1117 1857 provincialem
1153 1804 1368 1847 hominem

36 1867 198 1922 sibique
229 1871 317 1908 tam
348 1867 603 1908 familiarem
630 1882 756 1921 quam
781 1866 1053 1909 Laterensem
1079 1872 1121 1910 et
1145 1868 1367 1925 Racilium,

35 1931 79 1972 in
104 1932 248 1973 eadem
273 1932 405 1979 fuisse
433 1932 722 1973 coniuratione
753 1947 829 1973 nec
862 1932 934 1973 diu
965 1935 1154 1974 moratur
1180 1933 1366 1976 dolorem

36 2009 178 2051 suum,
222 1997 324 2051 quin
368 2011 438 2038 eos
483 1997 664 2038 interfici
707 1996 861 2038 iubeat.
923 1995 1157 2038 Minucium
1200 1997 1364 2040 libertis
1391 2010 1410 2039 3

35 2060 163 2102 tradit
194 2062 530 2116 excruciandum,
561 2061 664 2103 item
697 2060 971 2115 Calpurnium
1005 2060 1260 2116 Salvianum,
1292 2064 1364 2117 qui

33 2125 256 2178 profitetur
293 2126 498 2167 indicium
531 2126 929 2180 coniuratorumque
967 2141 1188 2168 numerum
1227 2131 1364 2182 auget,

34 2202 149 2242 vere,
188 2192 237 2231 ut
274 2191 445 2245 quidam
487 2190 748 2245 existimant,
790 2194 839 2232 ut
882 2191 1076 2232 nonnulli
1118 2195 1362 2246 queruntur,

34 2256 210 2294 coactus.
278 2254 418 2297 Isdem
455 2256 710 2297 cruciatibus
748 2256 937 2297 adfectus
973 2255 1019 2297 L.
1051 2255 1250 2297 Mercello
1284 2290 1290 2297 .
1319 2291 1326 2297 .
1353 2291 1361 2298 .
1386 2268 1408 2297 4

35 2315 222 2372 Squillus
259 2320 450 2366 nominat
486 2320 645 2375 plures3
686 2335 792 2374 quos
825 2319 993 2361 Cassius
1026 2319 1207 2361 interfici
1244 2320 1361 2362 iubet

1099 2389 1147 2421 3³¹<

1394 1688 1413 1717 Ν.)
