1669 2574
242 520 262 550 to

286 95 341 136 96
730 96 925 129 BELLUM
949 95 1173 129 AFRICUM.

286 190 449 231 iniussu
487 190 755 244 imperatoris
794 192 1107 244 concurrerent,
1149 205 1226 231 nec
1268 190 1493 244 quicquam
1530 206 1622 244 pro·
1656 217 1658 248 1

286 255 470 295 ficerent.
1656 250 1659 260 ⁵

374 317 607 359 LXXXIII.
677 318 799 369 Quod
841 321 1068 373 postquam
1113 317 1265 360 Caesar
1307 318 1517 360 intellexit
1565 319 1623 360 in·

289 383 428 423 citatis
459 382 645 423 militum
678 384 827 424 animis
859 383 1001 424 resisti
1033 382 1150 423 nullo
1182 383 1307 423 modo
1334 397 1471 436 posse,
1503 383 1622 437 signo

287 446 520 488 Felicitatis
553 447 650 488 dato
683 462 791 502 equo
824 447 1007 488 admisso
1046 447 1089 487 in
1126 446 1293 487 hostem
1331 449 1478 487 contra
1514 447 1623 501 prin·
1655 449 1657 488 ,ἲ

289 511 401 564 cipes
428 512 487 552 ire
514 513 740 553 contendit.
797 511 836 553 A
863 512 1009 552 dextro
1037 512 1206 552 interim
1233 527 1363 553 cornu
1391 512 1624 555 funditores
1648 532 1649 535 ¹

289 576 582 630 sagittariique
615 577 780 618 concita
810 576 896 618 tela
927 576 971 617 in
1003 575 1252 630 elephantos
1283 576 1525 631 frequentes
1550 577 1624 618 ini·
1655 569 1657 594 ³

289 640 415 681 ciunt.
479 640 570 689 Quo
608 641 720 682 facto
752 641 912 682 bestiae
945 641 1125 682 stridore
1157 640 1402 694 fundarum,
1438 640 1624 695 lapidum
1646 674 1656 685 .

288 704 535 759 plumbique
573 705 732 746 iactatu
769 705 1017 759 perterritae
1057 719 1147 746 sese
1180 708 1422 747 convertere
1455 708 1497 747 et
1528 720 1625 748 suos
1646 725 1648 747 ε

289 771 387 823 post
421 784 464 810 se
501 769 743 823 frequentes
782 770 1046 824 stipatosque
1081 772 1295 823 proterere
1331 772 1373 811 et
1406 769 1450 810 in
1484 773 1625 824 portas
1647 761 1655 826 l

290 833 389 874 valli
427 833 666 874 semifactas
698 848 819 875 ruere
860 834 1129 875 contendunt.
1191 833 1301 875 Item
1338 833 1476 875 Mauri
1514 835 1655 888 equi-

290 900 373 952 tes,
409 898 482 951 qui
524 898 566 938 in
608 897 753 938 eodem
795 912 925 939 cornu
966 896 1201 951 elephantis
1246 900 1366 938 erant
1406 897 1626 953 praesidio,
1646 934 1647 937 ,

292 961 444 1004 deserti
464 961 676 1015 principes
696 961 877 1016 fugiunt.
919 961 986 1003 Ita
1006 962 1196 1003 celeriter
1221 961 1371 1003 bestiis
1397 962 1626 1003 circumitis
1653 964 1655 984 ‘

288 1026 477 1081 legiones
509 1025 620 1066 vallo
651 1024 840 1066 hostium
873 1029 972 1068 sunt
1003 1027 1182 1080 potitae,
1229 1028 1272 1067 et
1301 1026 1446 1080 paucis
1478 1026 1628 1068 acriter

289 1090 626 1145 repugnantibus
649 1090 967 1144 interfectisque
993 1091 1146 1145 reliqui
1173 1090 1373 1132 concitati
1405 1090 1449 1132 in
1481 1093 1627 1146 castra,
1652 1084 1654 1097 ⁷

291 1155 401 1196 unde
432 1154 567 1208 pridie
600 1157 719 1195 erant
751 1155 921 1209 egressi,
954 1156 1217 1211 confugiunt,

377 1217 633 1260 LXXXIIII.
685 1218 728 1260 N
731 1233 784 1259 on
815 1219 983 1260 videtur
1014 1235 1103 1262 esse
1129 1220 1552 1274 praetermittendum
1579 1219 1652 1261 de

288 1285 445 1325 virtute
471 1283 621 1324 militis
640 1284 828 1325 veterani
847 1295 878 1324 V
896 1283 1087 1338 legionis.
1131 1284 1243 1326 Nam
1265 1299 1359 1326 cum
1386 1285 1429 1325 in
1455 1285 1627 1326 sinistro

290 1362 419 1390 cornu
458 1347 657 1401 elephans
695 1348 868 1389 vulnere
906 1348 1014 1390 ictus
1053 1351 1095 1390 et
1132 1348 1274 1390 dolore
1313 1349 1547 1390 concitatus
1584 1349 1651 1391 in

288 1413 419 1454 lixam
440 1412 643 1453 inermem
670 1412 876 1466 impetum
901 1413 1072 1454 fecisset
1098 1427 1276 1466 eumque
1303 1413 1381 1454 sub
1407 1413 1511 1467 pede
1533 1413 1626 1454 sub·
1649 1419 1652 1460 j

290 1478 425 1518 ditum
453 1477 548 1518 dein
575 1490 684 1531 genu
711 1477 882 1518 innixus
908 1477 1091 1531 pondere
1119 1492 1194 1518 suo
1220 1477 1470 1531 proboscide
1493 1481 1628 1519 erecta
1649 1508 1652 1537 t

289 1542 558 1595 vibrantique
591 1541 771 1582 stridore
801 1542 986 1583 maximo
1018 1544 1228 1596 premeret
1263 1544 1389 1595 atque
1427 1545 1651 1598 enecaret,

289 1607 411 1648 miles
448 1606 517 1647 hic
554 1620 639 1647 non
676 1607 818 1660 potuit
853 1606 963 1661 pati,
1007 1606 1109 1660 quin
1152 1621 1195 1647 se
1240 1608 1427 1648 armatus
1469 1607 1628 1649 bestiae
1648 1598 1656 1667 ἶ,

292 1671 471 1712 offerret.
535 1670 669 1719 Quem
703 1674 929 1725 postquam
962 1670 1160 1725 elephans
1193 1670 1245 1711 ad
1276 1685 1320 1711 se
1351 1670 1436 1712 telo
1474 1670 1657 1713 infesto

291 1736 432 1777 venire
453 1735 761 1789 animadvertit,
787 1735 935 1777 relicto
963 1735 1161 1776 cadavere
1183 1735 1363 1776 militem
1381 1736 1628 1790 proboscide
1647 1743 1658 1786 ἦ

292 1800 524 1840 circumdat
556 1802 681 1853 atque
714 1800 757 1840 in
789 1800 969 1841 sublime
1001 1799 1179 1841 extollit.
1235 1799 1450 1855 Armatus,
1483 1801 1555 1854 qui
1585 1801 1628 1842 in

292 1863 497 1904 eiusmodi
547 1863 734 1917 periculo
786 1867 1028 1905 constanter
1077 1864 1286 1919 agendum
1330 1865 1412 1906 sibi
1451 1865 1628 1920 uvideret,

293 1927 432 1982 gladio
476 1928 786 1982 proboscidem,
838 1944 920 1982 qua
963 1931 1053 1970 erat
1096 1928 1400 1982 circumdatus,
1450 1929 1628 1984 caedere,
1648 1935 1660 1964 f

294 1994 497 2046 quantum
541 1991 702 2032 viribus
745 1994 931 2047 poterat,
974 2008 1060 2034 non
1105 1993 1278 2034 destitit.
1352 1992 1443 2042 Quo
1488 1993 1628 2036 dolore

293 2056 496 2096 adductus
529 2055 727 2109 elephans
759 2056 894 2098 milite
927 2057 1089 2098 abiecto
1118 2058 1302 2099 maximo
1330 2072 1424 2099 cum
1451 2058 1628 2100 stridore

293 2135 500 2174 cursuque
533 2134 758 2161 conversus
792 2121 843 2161 ad
875 2121 1059 2175 reliquas
1090 2122 1248 2163 bestias
1281 2137 1324 2163 se
1356 2123 1524 2176 recepit.

379 2184 589 2225 LXXXV.
650 2183 837 2239 Interim,
869 2185 1038 2239 Thapso
1072 2186 1144 2239 qui
1176 2188 1295 2226 erant
1326 2186 1548 2240 praesidio,
1579 2199 1629 2227 ex

293 2249 447 2303 oppido
481 2249 744 2303 eruptionem
775 2252 898 2303 porta
929 2251 1156 2290 marituma
1187 2250 1348 2291 faciunt
1380 2253 1432 2304 et,
1465 2251 1552 2292 sive
1583 2251 1629 2290 ut
1666 2245 1669 2282 ἲ

294 2314 380 2354 suis
413 2313 601 2355 subsidio
635 2317 912 2369 occurrerent,
947 2314 1034 2355 sive
1067 2317 1113 2354 ut
1146 2314 1299 2368 oppido
1333 2314 1497 2355 deserto
1528 2313 1625 2368 fuga
1663 2327 1669 2352 t
