1669 2574
276 75 332 115 52
722 73 915 108 BELLUM
941 73 1163 108 AFRICUM.

274 169 340 223 lis,
372 173 421 210 ut
451 169 614 223 equites
645 168 784 208 minus
816 178 912 207 XXX
945 166 1055 208 Galli
1085 167 1330 208 Maurorum
1361 167 1551 221 equitum
1575 179 1609 209 Π

228 244 250 273 4
276 233 393 273 milia
435 232 527 273 loco
571 231 776 285 pellerent
813 231 1093 286 fugarentque
1130 233 1175 273 in
1212 232 1423 286 oppidum.
1489 230 1608 272 Post-

275 312 400 351 quam
427 296 585 351 repulsi
610 299 653 337 et
678 295 857 337 coniecti
882 298 1001 336 erant
1025 296 1138 337 intra
1163 296 1433 349 munitiones,
1459 294 1617 336 Caesar·

230 372 248 401 :3
277 362 357 402 iter
400 361 678 402 constitutum
722 361 782 401 ire
827 360 1054 400 contendit.
1129 359 1250 409 Quod
1299 375 1394 401 cum
1443 359 1610 413 saepius

274 426 460 466 facerent
491 427 533 464 et
564 425 689 465 modo
721 425 1056 478 insequerentur,
1087 425 1211 466 modo
1243 439 1390 465 rursus
1419 423 1471 464 ab
1497 423 1610 478 equi-

274 490 389 530 tibus
421 489 464 529 in
497 489 698 543 oppidum
736 488 1057 542 repellerentur,
1096 489 1341 531 cohortibus
1377 488 1522 543 paucis
1559 502 1612 529 ex

274 553 501 607 veteranis,
545 568 648 607 quas
692 568 833 594 secum
877 552 1078 607 habebat,
1127 553 1171 595 in
1213 556 1400 595 extremo
1445 552 1611 607 agmine

275 617 504 659 conlocatis
536 620 578 659 et
608 620 727 672 parte
759 617 974 671 equitatus
1006 617 1087 658 iter
1116 617 1269 659 leniter
1306 633 1401 658 cum
1437 617 1611 671 reliquis

230 692 249 721 6
275 682 410 723 facere
442 682 590 736 coepit.
651 681 718 723 Ita
756 684 913 735 quanto
952 681 1122 736 longius
1161 682 1212 723 ab
1245 682 1399 736 oppido
1432 681 1610 722 discede—

274 746 410 800 batur,
441 749 560 788 tanto
591 746 796 787 tardiores
829 746 881 786 ad
913 745 1217 800 insequendum
1247 749 1366 787 erant
1389 745 1610 787 Numidae.

274 809 451 851 Interim
488 810 532 851 in
570 810 720 851 itinere
761 824 813 850 ex
856 809 1024 863 oppidis
1068 813 1110 851 et
1153 811 1335 852 castelh's
1378 810 1611 865 legationes

274 875 416 916 venire
436 877 496 915 'et
532 874 722 929 polliceri
759 873 1021 916 frumentum
1057 877 1311 929 paratosque
1355 888 1462 927 esse,
1506 888 1611 928 quae

275 939 540 992 imperasset,
582 938 729 979 facere.
797 936 947 992 Itaque
991 952 1039 979 eo
1082 938 1149 979 die
1193 941 1331 979 castra
1372 938 1516 992 posuit
1561 938 1613 979 ad

276 1003 478 1056 oppidum
509 1002 755 1056 Ruspinam.

231 1078 246 1107 1
363 1066 457 1108 VII.
517 1066 610 1107 Kal.
648 1065 855 1107 Ianuariis
906 1066 1003 1107 inde
1051 1066 1185 1107 movit
1233 1068 1276 1107 et
1323 1066 1514 1120 pervenit
1561 1065 1614 1107 ad

277 1133 479 1187 oppidum
503 1131 684 1185 Leptim,
714 1130 892 1172 liberam
924 1130 1140 1173 civitatem
1171 1133 1213 1172 et
1244 1130 1485 1171 immunem.
1537 1130 1612 1172 Le-

277 1198 367 1253 gati
409 1212 461 1238 ex
503 1196 658 1250 oppido
703 1195 871 1236 obviam
914 1195 1107 1250 veniunt,
1154 1195 1337 1236 libenter
1385 1209 1428 1236 se
1472 1196 1615 1237 omnia

230 1272 250 1301 2
276 1263 474 1316 facturos,
506 1275 611 1315 quae
636 1260 775 1314 vellet,
806 1260 1071 1314 pollicentur.
1122 1257 1270 1312 Itaque
1297 1259 1613 1300 centurionibus

277 1327 329 1368 ad
359 1328 503 1381 portas
536 1325 681 1379 oppidi
711 1327 753 1365 et
785 1324 989 1365 custodiis
1021 1323 1250 1377 impositiS,
1281 1337 1333 1364 ne
1366 1323 1460 1377 quis
1491 1323 1614 1364 miles

277 1392 320 1433 in
352 1390 554 1445 oppidum
586 1389 780 1430 introiret
812 1391 885 1429 aut
915 1387 1112 1429 iniuriam
1143 1387 1301 1428 faceret
1333 1387 1515 1440 cuipiam
1554 1388 1613 1428 in-

278 1455 404 1509 colae,
435 1469 520 1495 non
543 1453 669 1508 longe
695 1453 746 1494 ab
773 1452 928 1507 oppido
956 1452 1185 1493 secundum
1210 1451 1314 1492 litus
1339 1451 1441 1492 facit
1466 1454 1613 1493 castra.

232 1530 251 1559 3
277 1520 522 1573 Eodemque
558 1533 685 1559 naves
724 1517 937 1559 onerariae
976 1519 1017 1558 et
1053 1516 1205 1570 longae
1249 1516 1477 1558 nonnullae
1515 1531 1614 1558 casu

279 1585 552 1637 advenerunt3
601 1582 804 1636 reliquae,
847 1584 896 1623 ut
940 1583 1004 1621 est
1047 1581 1085 1622 ei
1129 1581 1388 1635 nuntiatum,
1431 1581 1614 1622 incertae

232 1659 252 1688 4
277 1650 466 1691 locorum
508 1646 678 1689 Uticam
721 1661 867 1687 versus
910 1648 1052 1700 petere
1094 1645 1209 1685 visae
1256 1647 1365 1685 sunt.
1437 1644 1613 1687 Interim

281 1713 431 1754 Caesar
463 1727 486 1753 a
515 1712 623 1753 mari
653 1725 739 1752 non
771 1710 935 1765 digredi
965 1724 1101 1764 neque
1132 1709 1436 1750 mediterranea
1471 1713 1613 1764 petere

278 1780 452 1833 propter
510 1776 680 1817 navium
731 1789 915 1816 errorem
975 1774 1294 1828 equitatumque
1343 1774 1387 1815 in
1435 1774 1613 1815 navibus

280 1857 446 1883 omnem
489 1840 721 1893 continere,
763 1842 812 1880 ut
856 1839 1054 1891 arbitror,
1101 1853 1153 1879 ne
1198 1839 1287 1893 agri
1330 1841 1613 1893 vastarentur,

234 1917 253 1946 5
281 1922 431 1961 aquam
469 1906 512 1947 in
549 1919 675 1945 naves
713 1903 830 1944 iubet
868 1902 1132 1957 comportari.
1200 1901 1398 1956 Remiges
1432 1902 1614 1957 interim,
1665 1909 1669 1922 ¹

283 1972 354 2025 qui
409 1972 609 2024 aquatum
664 1983 686 2009 e
740 1968 919 2008 navibus
981 1966 1187 2020 exierant,
1249 1966 1390 2007 subito
1452 1967 1613 2021 equites
1668 1967 1669 1970 ’

281 2036 419 2076 Mauri
464 2048 599 2088 neque
649 2032 919 2086 opinantibus
964 2030 1224 2072 Caesarianis
1272 2031 1408 2071 adorti
1456 2031 1614 2072 multos

235 2112 254 2141 6
284 2100 428 2141 iaculis
472 2097 842 2149 convulnerarunt,
887 2095 1111 2137 nonnullos
1156 2094 1465 2137 interfecerunt.
1537 2094 1613 2136 La-

282 2168 372 2206 tent
414 2164 525 2205 enim
569 2163 611 2203 in
654 2161 818 2203 insidiis
863 2175 957 2202 cum
1001 2159 1121 2214 equis
1166 2159 1276 2199 inter
1318 2159 1526 2200 convalles
1571 2162 1614 2201 et

281 2229 421 2271 subito
466 2228 671 2281 existunt,
713 2240 798 2267 non
841 2227 890 2266 ut
932 2224 975 2265 in
1020 2238 1166 2278 campo
1211 2224 1444 2265 comminus
1489 2224 1613 2279 depu-

281 2296 424 2348 gnant.

231 820 248 850 Φ«Ἰ
