1638 2600
499 99 599 135 CAP.
625 100 943 135 LXXII—LXXV.
1333 100 1358 140 9
1366 100 1386 139 1

140 194 356 237 LXXIHI.
422 195 572 250 Legati
610 196 779 237 interim
818 211 869 237 ex
911 196 1064 250 oppido
1097 195 1234 251 Vaga,
1279 195 1433 250 quodl

55 261 283 304 finitimum
325 260 408 301 fuit
451 259 593 315 Zetae,
646 261 764 302 cuius
809 260 1029 302 Caesarem
1072 261 1257 316 potitum
1301 275 1391 302 esse

56 325 447 380 demonstravimus,
478 324 672 379 veniunt;
708 326 860 379 petunt
891 328 932 366 et
964 325 1197 379 obsecrant,
1230 327 1278 366 ut
1309 325 1391 366 sibi

54 389 309 446 praesidium
341 388 502 429 mittat:
534 403 578 430 se
609 403 675 430 res
707 388 957 443 complures7
988 404 1095 444 quae
1126 389 1253 431 utiles
1278 389 1390 430 bello

53 454 151 508 sint,
177 452 588 494 subministraturos.
628 451 711 494 Per
735 452 779 493 id
803 455 970 507 tempus
996 454 1026 508 †
1046 454 1219 496 deorum
1243 453 1390 495 volun·
1417 464 1436 493 2

53 520 140 560 tate
165 517 390 572 studioque
416 531 516 572 erga
536 516 756 560 Caesarem
780 517 1001 573 transfuga
1026 533 1125 559 suos
1152 519 1263 560 cives
1288 518 1392 559 facit

53 582 251 625 certiores
281 580 432 622 Iubam
463 596 606 637 regem
638 581 829 624 celeriter
860 596 955 623 cum
982 584 1114 637 copiis
1146 584 1247 637 suis,
1278 585 1391 624 ante-

53 661 179 703 quam
211 643 401 687 Caesaris
431 647 689 701 praesidium
721 661 768 688 eo
802 647 1060 701 perveniret,
1098 647 1150 688 ad
1187 648 1390 702 oppidum

53 712 340 754 adcucurrisse
367 714 493 766 atque
520 711 810 753 advenientem
836 711 1108 752 multitudine
1132 711 1390 752 circumdata

52 791 100 820 eo
136 776 322 831 potitum
360 776 640 831 omnibusque
678 776 767 817 eius
806 775 951 830 oppidi
986 775 1136 817 incolis
1174 775 1227 816 ad
1257 790 1389 816 unum

49 841 284 884 interfectis
322 840 485 882 dedisse
523 840 725 895 oppidum
761 840 1043 895 diripiendum
1081 840 1388 894 delendumque

51 905 272 948 militibus.

136 968 306 1011 LXXV.
369 968 522 1011 Caesar
552 969 723 1011 interim
758 968 938 1010 lustrato
977 969 1164 1011 exercitu
1196 984 1230 1010 a.
1258 969 1294 1010 d.
1322 980 1388 1010 XII
1416 980 1432 1009 1

50 1035 143 1078 Kal.
174 1034 309 1089 April.
340 1037 511 1089 postero
544 1035 610 1076 die
640 1035 858 1089 productis
889 1034 1098 1076 universis
1130 1034 1263 1088 copiis
1293 1049 1387 1089 pro-

50 1114 219 1157 gressus
251 1099 302 1140 ab
341 1100 429 1140 suis
467 1100 616 1141 castris
654 1099 773 1140 milia
807 1114 1011 1153 passuum
1041 1111 1083 1153 V,
1121 1114 1146 1140 a
1177 1098 1387 1153 Scipionis

49 1165 215 1208 circiter
252 1164 383 1205 duum
420 1164 587 1205 milium
624 1164 843 1205 interiecto
882 1163 1037 1218 spatio,
1080 1163 1125 1204 in
1168 1164 1255 1204 acie
1293 1178 1388 1205 con-

50 1229 169 1272 stitit.
230 1228 464 1283 Postquam
496 1228 599 1269 satis
632 1228 704 1269 diu
735 1228 998 1269 adversarios
1030 1227 1081 1268 ab
1114 1243 1158 1269 se
1190 1228 1242 1269 ad
1268 1228 1387 1269 dimi·
1413 1240 1432 1268 2

50 1294 228 1337 candum
277 1294 479 1334 invitatos
529 1292 800 1347 supersedere
854 1307 1022 1348 pugnae
1077 1293 1387 1348 animadvertit,

50 1359 211 1401 reducit
242 1358 384 1412 copias
415 1360 670 1412 posteroque
703 1356 769 1398 die
801 1360 939 1398 castra
969 1360 1112 1398 movet
1143 1360 1270 1411 atque
1307 1358 1388 1399 iter

49 1423 101 1465 ad
125 1423 328 1478 oppidum
349 1421 583 1476 Sarsuram7
608 1421 682 1462 ubi
706 1420 847 1475 Scipio
871 1421 1156 1463 Numidarum
1180 1421 1388 1463 habuerat

46 1488 305 1544 praesidium
326 1487 672 1540 frumentumque
698 1489 1047 1541 comportaverat‚
1073 1486 1133 1528 ire
1159 1487 1386 1528 contendit.

49 1553 169 1604 Quod
200 1553 273 1594 ubi
298 1552 509 1593 Labienus
539 1550 848 1604 animadvertit,
879 1565 975 1592 cum
1001 1551 1194 1605 equitatu
1218 1550 1386 1606 levique
1412 1562 1432 1591 3

49 1620 260 1660 armatura
297 1630 449 1671 agmen
486 1616 577 1658 eius
615 1618 851 1656 extremum
888 1630 1057 1670 carpere
1090 1616 1229 1670 coepit
1259 1619 1386 1671 atque

49 1683 108 1725 ita
135 1682 319 1723 lixarum
349 1684 735 1735 mercatorumque,
773 1680 847 1734 qui
881 1679 1057 1734 plostris
1094 1695 1254 1721 merces
1291 1695 1385 1734 por-

48 1747 204 1801 tabant,
235 1746 481 1801 interceptis
514 1745 689 1787 sarcinis
722 1745 864 1785 addito
894 1744 1035 1786 animo
1060 1745 1236 1800 propius
1262 1745 1386 1785 auda—

49 1811 219 1866 ciusque
251 1811 412 1853 accedit
443 1811 496 1852 ad
524 1811 732 1866 legiones,
770 1809 883 1864 quod
919 1810 1191 1851 existimabat
1226 1809 1385 1851 milites

0 1874 1 1879 ’
49 1875 125 1918 sub
169 1890 294 1917 onere
338 1890 386 1917 ac
428 1875 506 1916 sub
551 1874 728 1915 sarcinis
772 1875 1026 1929 defatigatos
1067 1889 1257 1930 pugnare
1300 1889 1386 1916 non

45 1952 181 1995 posse.
237 1939 352 1990 Quae
382 1955 450 1982 res
481 1939 701 1982 Caesarem
731 1953 817 1981 non
847 1939 1072 1981 fefellerat:
1104 1953 1286 1994 namque
1318 1954 1385 1980 ex·
1410 1950 1432 1979 4

48 2005 210 2060 peditos
255 2020 307 2046 ex
349 2004 530 2060 singulis
572 2004 814 2059 legionibus
857 2007 1048 2046 trecenos
1091 2004 1249 2045 milites
1294 2018 1384 2045 esse

48 2069 235 2112 iusserat.
301 2068 451 2124 Itaque
493 2084 565 2111 eos
609 2069 654 2110 in
691 2069 927 2124 equitatum
962 2068 1140 2110 Labieni
1170 2068 1385 2110 immissos

48 2135 198 2175 turmis
229 2149 402 2176 suorum
439 2134 656 2189 suppetias
694 2134 839 2175 mittit.
900 2134 1011 2175 Tum
1040 2133 1252 2175 Labienus
1290 2147 1384 2174 con·
1412 2143 1431 2173 5

47 2199 178 2239 versis
210 2199 330 2253 equis
355 2200 575 2254 signorum
604 2201 832 2253 conspectu
862 2199 1114 2254 perterritus
1139 2197 1385 2252 turpissime

46 2261 191 2318 fugere
217 2264 442 2305 contendit.
491 2263 641 2305 Multis
668 2265 758 2306 eius
785 2264 946 2318 occisis,
979 2263 1268 2317 compluribus
1296 2261 1384 2303 vul·
1412 2272 1432 2303 6

47 2328 202 2369 neratis
240 2328 397 2370 milites
439 2328 664 2384 legionarii
708 2328 760 2369 ad
804 2343 880 2369 sua
922 2342 967 2368 se
1009 2326 1220 2381 recipiunt
1263 2326 1387 2380 signa
