1638 2600
453 90 552 126 CAP.
572 90 749 125 LXXV—
757 91 947 126 LXXVIII.
1310 92 1365 133 93

118 184 353 227 LXXVIII.
422 185 529 226 Erat
572 186 772 240 oppidum
824 187 934 228 infra
977 190 1115 228 castra
1159 186 1369 241 Scipionis
1397 200 1413 228 1

33 251 200 294 nomine
230 250 380 304 Tegea,
413 250 484 290 ubi
518 250 774 304 praesidium
807 254 1001 305 equestre
1034 252 1201 293 circiter
1232 264 1264 292 ΙΙ
1296 252 1370 292 mi-

33 316 135 358 lium
173 328 347 355 numero
385 313 539 355 habere
578 317 809 355 consuerat.
878 315 944 356 Eo
989 316 1180 370 equitatu
1225 316 1372 357 dextra
1397 328 1416 357 2

33 379 203 422 sinistra
241 378 406 419 derecto
446 379 497 419 ab
536 379 681 433 oppidi
717 378 921 421 lateribus
960 380 1050 434 ipse
1086 380 1275 435 legiones
1319 395 1371 421 ex

33 443 179 488 castris
212 443 383 484 eductas
416 445 542 497 atque
574 444 617 484 in
649 443 748 498 iugo
784 443 982 485 inferiore
1020 445 1248 486 instructas
1285 459 1371 486 non

31 507 199 563 longius
236 506 323 548 fere
360 507 476 548 mille
514 522 664 561 passus
703 508 754 548 ab
793 508 881 549 suis
925 510 1234 550 munitionibus
1277 524 1370 563 pro-

32 586 200 630 gressus
223 571 282 612 ‘in
321 571 408 612 acie
448 572 679 613 constituit.
740 571 974 626 Postquam
1013 573 1173 614 diutius
1210 573 1254 614 in
1286 587 1370 614 uno
1396 585 1416 614 3

31 637 122 680 loco
150 635 292 690 Scipio
322 637 663 678 commorabatur
693 639 736 678 et
766 639 934 691 tempus
967 637 1049 678 diei
1081 637 1125 678 in
1157 637 1243 678 otio
1275 652 1370 679 con-

31 700 292 754 sumebatur,
337 699 490 741 Caesar
533 702 723 755 equitum
761 704 922 742 turmas
961 716 1135 742 suorum
1171 701 1289 742 iubet
1326 702 1370 742 in

30 766 218 809 hostium
250 765 500 820 equitatum,
533 766 606 820 qui
638 766 690 806 ad
721 766 924 821 oppidum
955 766 999 806 in
1031 766 1214 807 statione
1240 770 1370 820 erant,

29 831 163 874 facere
196 830 518 884 impressionem
550 830 769 885 levemque
809 832 1085 885 armaturam,
1126 830 1370 885 sagittarios

29 895 348 949 funditoresque
392 895 539 936 eodem
582 895 809 936 submittit.
889 894 1012 945 Quod
1054 895 1128 936 ubi
1172 897 1368 949 coeptum
1394 907 1416 936 4

30 962 94 1002 est
123 959 228 1014 fieri,
261 962 303 1001 et
334 959 454 1013 equis
487 959 709 1001 concitatis
740 959 895 1001 Iuliani
927 959 1133 1014 impetum
1158 959 1370 1013 fecissent,

29 1024 248 1067 Pacideius
296 1038 395 1065 suos
446 1024 609 1078 equites
653 1024 922 1078 exporrigere
966 1023 1106 1077 coepit
1149 1024 1193 1064 in
1234 1023 1368 1078 longi-

29 1089 236 1142 tudinem,
290 1090 339 1129 ut
393 1087 600 1129 haberent
653 1088 899 1129 facultatem
965 1090 1127 1129 turmas
1181 1087 1368 1129 Iulianas

29 1153 309 1197 circumfundi
353 1156 395 1194 et
437 1152 572 1194 nihilo
616 1153 756 1193 minus
802 1153 1033 1194 fortissime
1085 1152 1368 1207 acerrimeque

29 1233 225 1274 pugnare.
301 1216 423 1267 Quod
466 1217 539 1258 ubi
584 1216 736 1258 Caesar
785 1217 973 1257 animum
1023 1216 1223 1270 advertit,
1273 1226 1368 1271 CCC,
1394 1229 1414 1260 5

31 1298 133 1339 quos
177 1298 228 1324 ex
270 1282 511 1337 legionibus
554 1281 709 1322 habere
757 1281 976 1334 expeditos
1027 1283 1267 1334 consuerat,
1316 1295 1369 1322 ex

29 1347 211 1403 legione,
249 1361 355 1401 quae
392 1346 587 1400 proxima
624 1345 662 1386 ei
699 1345 860 1399 proelio
900 1346 944 1386 in
983 1345 1070 1387 acie
1108 1346 1369 1400 constiterat,

30 1412 144 1455 iubet
194 1410 403 1466 equitatui
455 1425 709 1452 succurrere.
786 1409 999 1451 Labienus
1054 1410 1225 1451 interim
1279 1410 1368 1451 suis
1395 1423 1414 1452 6

21 1476 242 1534 ,equitibus
270 1475 428 1517 auxilia
453 1475 665 1529 equestria
690 1475 940 1516 submittere
966 1475 1203 1529 sauciisque
1230 1489 1277 1516 ac
1302 1475 1368 1516 de-

29 1540 217 1596 fatigatis
248 1540 438 1594 integros
470 1540 859 1594 recentioribusque
888 1539 1051 1581 viribus
1084 1540 1247 1594 equites
1274 1539 1368 1581 sub-

29 1605 278 1653 ministrare.
322 1603 556 1658 Postquam
582 1604 745 1658 equites
765 1603 919 1645 Iuliani
941 1615 1053 1646 CCCC
1073 1604 1159 1645 vim
1178 1604 1369 1645 hostium
1397 1617 1415 1646 7

30 1669 81 1711 ad
108 1681 156 1711 IV
186 1669 306 1710 milia
336 1683 511 1709 numero
545 1669 753 1710 sustinere
784 1684 869 1711 non
900 1671 1100 1724 poterant
1132 1672 1174 1710 et
1209 1669 1260 1710 ab
1285 1669 1370 1711 levi

31 1737 240 1775 armatura
266 1733 550 1775 Numidarum
582 1733 915 1775 vulnerabantur
945 1733 1275 1787 minutatimque
1307 1747 1368 1774 ce-

0 1792 2 1838 l
31 1798 198 1854 debant,
237 1797 388 1840 Caesar
420 1798 596 1839 alteram
628 1798 738 1839 alam
775 1798 926 1853 mittit,
965 1797 1038 1852 qui
1076 1797 1369 1852 satagentibus

0 1865 2 1896 ἵ
31 1863 218 1905 celeriter
255 1865 532 1905 occurrerent.
603 1861 694 1912 Quo
731 1863 843 1904 facto
883 1863 949 1904 sui
987 1862 1144 1904 sublati
1182 1862 1415 1904 universis

31 1927 73 1969 in
101 1928 245 1970 hostes
281 1927 558 1982 impressione
590 1928 702 1969 facta
738 1928 782 1969 in
819 1928 965 1983 fugam
1003 1927 1265 1968 adversarios
1303 1927 1369 1968 de-

31 1991 195 2047 derunt,
254 1992 402 2034 multis
458 1993 629 2047 occisis,
685 1992 973 2047 compluribus
1022 1991 1255 2033 vulneratis
1310 1991 1369 2032 in-

30 2057 160 2098 secuti
190 2072 265 2112 per
288 2069 340 2098 111
365 2056 484 2098 milia
508 2072 711 2111 passuum
739 2072 873 2111 usque
907 2057 959 2098 ad
991 2056 1142 2098 collem
1173 2055 1369 2097 hostibus

31 2121 186 2164 adactis
217 2137 261 2163 se
294 2121 346 2163 ad
371 2137 470 2163 suos
496 2122 717 2177 recipiunt.
768 2121 922 2164 Caesar
947 2122 991 2163 in
1016 2121 1166 2163 horam
1198 2132 1230 2161 X
1261 2134 1369 2161 com·
1397 2132 1415 2162 9

30 2189 233 2241 moratus,
276 2187 386 2228 sicut
430 2190 519 2228 erat
555 2187 808 2242 instructus,
852 2201 896 2228 se
935 2187 987 2228 ad
1022 2201 1098 2227 sua
1137 2187 1274 2226 castra
1309 2199 1370 2226 re-

30 2250 138 2304 cepit
171 2251 366 2293 omnibus
397 2251 692 2294 incolumibus.
759 2251 811 2293 In
843 2266 925 2306 quo
958 2250 1119 2306 proelio
1145 2249 1368 2291 Pacideius
1396 2261 1439 2291 10

30 2315 210 2368 graviter
251 2315 338 2370 pilo
376 2331 452 2370 per
489 2316 695 2358 cassidem
734 2319 860 2371 caput
898 2316 1007 2357 ictus
1046 2313 1369 2369 compluresque
