1669 2574
294 100 352 140 94
750 99 943 133 BELLUM
968 98 1192 133 AFRICUM.

290 195 413 236 duces
458 210 503 236 ac
546 194 804 235 fortissimus
849 193 1026 247 quisque
1071 192 1285 234 interfecti
1334 192 1624 248 vulneratique

290 262 399 299 sunt.

244 335 260 363 1
377 321 633 363 LXXVIIII.
694 322 927 375 Postquam
958 322 1076 362 nulla
1108 322 1352 363 condicione
1384 335 1531 376 cogere
1559 323 1624 363 ad-
1664 359 1665 362 ,

288 388 495 428 versarios
534 389 719 441 poterat,
762 389 810 427 ut
850 387 893 427 in
935 401 1116 440 aequum
1152 386 1293 427 locum
1331 385 1626 430 descenderent
1662 427 1665 442 ⁴

288 451 590 505 legionumque
626 450 861 505 periculum
904 451 1107 504 facerent,
1149 464 1286 504 neque
1326 450 1416 504 ipse
1453 451 1625 504 propius

288 515 455 556 hostem
489 517 625 556 castra
652 529 808 569 ponere
834 518 1008 569 propter
1034 529 1166 569 aquae
1191 514 1411 568 penuriam
1436 529 1480 555 se
1504 528 1627 568 posse
1664 523 1665 531 ¹

290 579 662 635 animadvertebat,
694 584 731 622 et
761 580 1020 621 adversarios
1052 594 1137 620 non
1167 580 1326 620 virtute
1359 593 1505 619 eorum
1534 593 1630 637 con3

288 644 435 697 fidere,
486 644 558 685 sed
604 659 808 699 aquarum
853 644 996 698 inopia
1036 644 1168 685 fretos
1214 644 1425 698 despicere
1475 658 1519 685 se
1568 644 1663 686 in-'

289 707 466 762 tellexit,
497 720 530 749 11
560 708 670 751 Non.
696 708 798 763 Apr.
831 710 958 750 tertia
986 709 1135 764 vigilia
1167 722 1360 763 egressus
1393 708 1444 749 ab
1469 707 1628 764 Aggar,

288 784 367 813 XVI
393 773 511 813 milia
535 776 659 815 nocte
684 787 946 828 progressus,
978 774 1030 814 ad
1058 773 1287 828 Thapsum,
1318 773 1392 814 ubi
1411 771 1632 827 Vergilius:

290 852 385 878 cum
406 838 554 892 grandi
574 838 784 892 praesidio
804 841 1006 892 praeerat,
1033 840 1170 879 castra
1194 837 1316 892 ponit
1342 837 1628 892 oppidumque
1650 854 1652 856 ’

290 917 337 943 eo
360 902 425 943 die
446 902 770 943 circummunire
797 903 934 956 coepit
958 902 1133 958 locaque
1159 903 1310 944 idonea
1336 904 1634 957 oportunaque'
1652 908 1653 912 ’

290 966 508 1020 complura
538 966 760 1020 praesidiis
794 981 1014 1021 occupare,
1050 967 1195 1008 hostes
1230 982 1281 1007 ne
1313 966 1470 1007 intrare
1502 966 1555 1007 ad
1585 981 1628 1009 se

291 1045 337 1072 ac
374 1031 468 1071 loca
504 1030 707 1071 interiora
745 1045 891 1084 capere
927 1033 1112 1085 possent.
1176 1029 1318 1084 Scipio
1356 1030 1527 1071 interim
1564 1045 1628 1072 co·
1658 1038 1659 1041 ’

290 1095 420 1150 gnitis
452 1093 642 1136 Caesaris
681 1095 869 1136 consiliis
911 1095 962 1135 ad
998 1095 1292 1136 necessitatem
1331 1094 1536 1136 adductus
1570 1095 1628 1137 di*
1658 1111 1659 1114 ¹

289 1159 484 1213 micandi,
514 1174 567 1200 ne
591 1174 667 1213 per
693 1174 905 1201 summum
932 1159 1110 1201 dedecus
1134 1159 1365 1200 fidissimos
1391 1158 1478 1199 suis
1502 1159 1628 1202 rebus

289 1223 570 1295 Thapsitanos
590 1226 632 1264 et
650 1222 890 1278 Vergilium
914 1225 1138 1278 amitteret,
1165 1223 1387 1264 confestim
1409 1221 1628 1267 Caesarem
1656 1235 1657 1272 j

287 1303 364 1343 per
401 1288 619 1342 superiora
660 1288 753 1329 loca
796 1291 1044 1330 consecutus
1088 1288 1206 1329 milia
1247 1302 1450 1342 passuum
1486 1299 1569 1329 V111
1605 1303 1629 1330 3

290 1352 459 1406 Thapso
492 1351 603 1392 binis
636 1352 785 1393 castris
818 1353 1018 1395 consedit.
1655 1376 1657 1379 ·

244 1429 261 1458 1
377 1416 545 1457 LXXX.
606 1415 713 1457 Erat
751 1420 949 1472 stagnum
987 1418 1233 1471 salinarum,
1277 1417 1388 1458 inter
1431 1417 1546 1471 quod
1588 1418 1629 1459 et
1654 1419 1657 1470 j

288 1495 403 1522 mare
436 1480 655 1535 angustiae
689 1482 893 1535 quaedam
924 1497 1009 1523 non
1041 1482 1222 1537 amplius
1252 1481 1369 1522 mille
1401 1484 1443 1522 et
1474 1493 1505 1522 D
1537 1496 1628 1536 pas·
1654 1514 1655 1532 ἱ

289 1561 360 1588 sus
387 1547 636 1600 intererant3
669 1561 773 1600 quas
801 1545 941 1601 Scipio
967 1547 1125 1588 intrare
1152 1549 1194 1588 et
1216 1545 1488 1600 Thapsitanis
1515 1546 1628 1587 auxi-
1654 1535 1655 1544 ἵ

244 1623 262 1652 2
288 1610 395 1652 lium
430 1610 540 1651 ferre
578 1610 819 1652 conabatur.
889 1610 1010 1660 Quod
1048 1611 1241 1652 futurum
1281 1609 1502 1652 Caesarem
1544 1625 1628 1652 non

288 1675 507 1716 fefellerat.
568 1674 764 1729 Namque
795 1675 930 1729 pridie
962 1676 1006 1717 in
1037 1690 1085 1717 eo
1119 1675 1214 1716 loco
1253 1674 1426 1716 castello
1462 1675 1626 1717 munito
1652 1704 1653 1709 ,

289 1740 433 1793 ibique
459 1751 509 1780 ΙΙΙ
535 1740 757 1781 cohortium
783 1740 993 1794 praesidio
1023 1739 1172 1781 relicto
1205 1739 1296 1794 ipse
1327 1753 1423 1780 cum
1454 1738 1628 1794 reliquis
1649 1742 1654 1758 ²

290 1804 422 1857 copiis
450 1803 609 1845 lunatis
636 1804 783 1846 castris
809 1804 1026 1859 Thapsum
1052 1804 1250 1858 operibus
1276 1803 1627 1845 circummunivit.

244 1881 263 1908 3
292 1867 433 1921 Scipio
472 1868 642 1909 interim
681 1869 875 1910 exclusus
914 1869 965 1910 ab
1002 1869 1170 1923 incepto
1208 1868 1358 1909 itinere
1391 1882 1519 1921 supra
1549 1869 1652 1919 sta-

291 1947 422 1987 gnum
452 1935 623 1986 postero
657 1934 722 1975 die
756 1936 798 1975 et
828 1936 951 1975 nocte
984 1933 1174 1975 confecta
1206 1932 1319 1974 caelo
1353 1932 1519 1973 albente
1545 1946 1628 1973 non

289 1997 415 2052 longe
442 2011 466 2037 a
491 1998 639 2038 castris
664 1998 971 2052 praesidioque,
1000 1998 1114 2052 quod
1139 2012 1267 2052 supra
1293 1995 1627 2051 commemoravi,
1650 2018 1654 2027 ·-

290 2073 356 2102 MD
382 2062 580 2116 passibus
613 2062 664 2102 ad
694 2077 809 2103 mare
840 2077 987 2103 versus
1020 2062 1209 2104 consedit
1236 2064 1278 2103 et
1304 2063 1441 2102 castra
1465 2031 1657 2102 munire¹

244 2138 264 2167 4
292 2126 441 2180 coepit.
505 2125 627 2175 Quod
657 2129 883 2181 postquam
916 2125 1083 2167 Caesari
1114 2127 1356 2167 nuntiatum
1388 2128 1463 2180 est,
1493 2125 1627 2166 milite
1646 2135 1655 2154 '³'

293 2190 343 2230 ab
377 2203 502 2244 opere
535 2190 731 2244 deducto,
769 2190 917 2232 castris
948 2190 1157 2245 praesidio
1189 2189 1424 2244 Asprenate
1456 2203 1626 2243 procon-
1663 2201 1666 2204 ⁴

294 2255 383 2296 sule
416 2270 511 2296 cum
542 2255 781 2310 legionibus
814 2256 975 2296 duabus
1006 2255 1154 2296 relicto
1186 2255 1277 2309 ipse
1310 2269 1405 2295 cum
1437 2253 1628 2308 expedita

248 2339 266 2359 ›
295 2320 415 2373 copia
445 2320 489 2360 in
515 2334 610 2361 eum
635 2319 774 2361 locum
802 2320 963 2361 citatim
991 2319 1224 2374 contendit,
1257 2318 1486 2372 classisque
1510 2318 1627 2372 parte

244 1042 262 1070 [Q
