1669 2574
249 111 331 152 128
639 108 833 143 BELLUM
858 106 1188 143 HISPANIENSE.

201 218 220 247 5
248 207 467 249 incendere
493 208 732 259 coeperunt.
783 202 864 252 Qui
891 204 1076 257 superati
1102 218 1126 244 a
1150 205 1308 246 nostris
1335 207 1435 246 sunt
1459 204 1587 246 inter-

248 273 347 314 fecti
384 271 606 312 hominum
638 269 758 310 milia
788 279 904 322 XXII,
940 271 1235 323 praeterquam
1268 272 1388 311 extra
1417 284 1587 310 murum

203 346 222 376 6
251 336 322 390 qui
361 335 588 389 perierunt.
649 332 716 374 Ita
750 332 903 374 Caesar
940 333 1094 387 oppido
1132 334 1305 388 potitur.
1366 334 1480 375 Dum
1517 335 1589 376 hic

251 401 479 454 detinetur,
530 414 580 440 ex
629 397 789 452 proelio
840 411 945 451 quos
995 398 1344 441 circummunitos
1394 399 1588 453 superius

250 464 650 518 demonstravimus,
688 462 952 516 eruptionem
990 462 1182 505 fecerunt
1219 467 1261 505 et
1296 464 1403 505 bene
1439 463 1588 505 multis

250 528 483 571 interfectis
516 528 558 569 in
591 528 793 582 oppidum
825 529 925 568 sunt
956 527 1126 569 redacti.

203 605 219 634 1
336 593 510 635 XXXV.
573 592 725 635 Caesar
755 590 967 645 Hispalim
1001 606 1095 633 cum
1129 593 1425 647 contendisset,
1456 592 1587 647 legati

248 659 518 713 deprecatum
550 660 767 699 venerunt.
818 655 885 697 Ita
916 670 1011 697 cum
1044 657 1096 697 ad
1128 658 1330 712 oppidum
1356 661 1468 699 esset
1492 673 1588 699 ven-

247 727 351 778 tum,
378 723 602 764 Caninium
629 737 723 764 cum
750 721 961 776 praesidio
987 720 1177 776 legatum
1203 721 1468 763 intromittit:
1498 722 1588 776 ipse

201 798 220 826 ι)
248 792 386 830 castra
423 788 475 829 ad
514 788 716 842 oppidum
754 786 886 841 ponit.
954 785 1062 827 Erat
1098 786 1204 827 bene
1245 800 1399 841 magna
1440 799 1590 830 manus

247 854 358 894 intra
376 853 731 907 Pompeianarum
751 851 950 906 partium,
970 866 1077 905 quae
1096 851 1353 905 praesidium
1373 854 1589 905 receptum

247 919 540 973 indignaretur
565 917 674 959 clam
701 915 909 971 quendam
935 915 1172 970 Philonem,
1203 916 1338 971 illum,
1369 917 1442 971 qui
1466 916 1590 957 Pom-

246 984 493 1038 peianarum
537 982 723 1036 partium
765 981 918 1022 fuisset
961 980 1157 1022 defensor
1195 981 1423 1022 acerrimus
1461 1005 1516 1010 —-
1554 980 1591 1021 is

200 1057 219 1085 3
247 1051 338 1089 tota
368 1047 590 1089 Lusitania
626 1046 876 1087 notissimus
908 1048 998 1086 erat
1030 1062 1102 1087 —:
1143 1046 1212 1087 hic
1244 1046 1350 1088 clam
1382 1045 1592 1100 praesidia

247 1112 511 1154 Lusitaniam
537 1111 822 1166 proficiscitur
842 1113 884 1151 et
904 1109 1132 1152 Caecilium
1152 1110 1350 1165 Nigrum,
1372 1110 1589 1152 hominem

246 1177 491 1229 barbarum,
535 1175 587 1216 ad
623 1174 831 1216 Lennium
876 1175 1090 1229 convenit,
1134 1176 1208 1229 qui
1247 1175 1353 1217 bene
1391 1189 1590 1230 magnam

197 1249 217 1278 4
245 1256 418 1283 manum
444 1241 745 1282 Lusitanorum
771 1239 956 1281 haberet.
994 1240 1205 1281 Reversus
1230 1239 1444 1295 Hispalim
1471 1240 1590 1294 oppi-

247 1306 346 1347 dum
391 1306 528 1347 denuo
572 1308 701 1346 noctu
739 1319 813 1358 per
851 1319 1019 1346 murum
1058 1305 1277 1359 recipitur:
1320 1305 1594 1359 praesidium,

245 1370 397 1426 vigiles
424 1369 631 1425 iugulant,
657 1372 802 1423 portas
828 1370 1119 1425 praecludunt,
1145 1370 1195 1412 de
1215 1370 1380 1424 integro
1400 1384 1592 1424 pugnare

245 1438 485 1490 coeperunt.

200 1509 215 1538 1
332 1499 529 1541 XXXVI.
590 1499 704 1541 Dum
748 1499 852 1540 haec
890 1503 1113 1554 geruntur,
1156 1499 1287 1554 legati
1327 1498 1592 1541 Carteienses

246 1565 608 1618 renuntiaverunt,
641 1564 753 1618 quod
778 1563 1029 1618 Pompeium
1061 1565 1105 1606 in
1137 1566 1348 1619 potestate
1373 1564 1591 1605 haberent.

247 1630 369 1680 Quod
401 1633 498 1670 ante
530 1628 697 1670 Caesari
730 1632 874 1683 portas
906 1629 1247 1683 praeclusissent,
1279 1629 1353 1670 illo
1385 1629 1590 1670 beneficio

247 1709 371 1736 suum
408 1693 663 1735 maleficium
702 1693 1004 1735 existimabant
1041 1708 1084 1735 se
1122 1694 1228 1735 lucri
1260 1693 1408 1735 facere.
1470 1693 1591 1735 Lusi-

200 1770 218 1798 2
246 1760 335 1801 tani
360 1758 531 1813 Hispali
562 1772 751 1813 pugnare
782 1758 901 1799 nullo
927 1761 1117 1813 tempore
1143 1758 1415 1800 desistebant.
1469 1757 1591 1808 Quod

247 1824 399 1866 Caesar
443 1838 538 1865 cum
577 1824 946 1878 animadverteret,
990 1824 1026 1864 si
1064 1823 1267 1878 oppidum
1306 1838 1453 1877 capere
1494 1837 1589 1864 con-

246 1889 454 1942 tenderet,
498 1889 661 1943 timuit,
705 1904 755 1929 ne
798 1887 993 1929 homines
1036 1889 1192 1942 perditi
1236 1888 1509 1930 incenderent
1548 1890 1590 1929 et

246 1955 414 1995 moenia
439 1953 639 2008 delerent,
669 1954 728 1994 ita
755 1953 930 1994 consilio
957 1953 1104 1994 habito
1130 1956 1258 1994 noctu
1284 1954 1446 2007 patitur
1470 1952 1590 1993 Lusi-

246 2022 368 2060 tanos
401 2018 667 2072 eruptionem
698 2018 853 2072 facere,
885 2018 929 2058 id
962 2018 1074 2072 quod
1107 2017 1298 2059 consulto
1331 2032 1415 2058 non
1449 2017 1590 2058 existi·

246 2083 421 2124 mabant
457 2082 560 2123 fieri.
621 2081 688 2123 Ita
725 2082 983 2136 erumpendo
1023 2082 1160 2135 navis,
1199 2096 1305 2136 quae
1340 2082 1392 2122 ad
1422 2081 1589 2123 Baetim

198 2158 218 2187 3
246 2149 403 2189 fiumen
435 2147 629 2201 fuissent,
662 2147 901 2189 incendunt.
951 2146 1101 2188 Nostri
1134 2147 1233 2188 dum
1267 2146 1461 2188 incendio
1488 2146 1590 2187 deti·

245 2215 418 2266 nentur,
462 2210 525 2252 issi
568 2211 821 2266 profugiunt
864 2214 906 2252 et
946 2212 997 2252 ab
1043 2211 1258 2266 equitibus
1297 2211 1588 2252 conciduntur.

198 2288 217 2317 4
245 2277 338 2326 Quo
370 2276 482 2317 facto
516 2276 671 2330 oppido
703 2278 949 2330 recuperato
975 2275 1126 2317 Astam
1160 2276 1241 2317 iter
1268 2276 1405 2317 facere
1432 2275 1588 2329 coepit3

245 2357 295 2382 ex
334 2356 418 2395 qua
452 2341 623 2382 civitate
654 2340 785 2395 legati
817 2341 868 2381 ad
901 2340 1157 2382 deditionem
1191 2343 1406 2382 venerunt.
1467 2339 1589 2381 Mun-

1643 2499 1651 2574 ε
