1638 2600
509 106 608 142 CAP.
636 105 929 141 XVIIII—XXII.
1344 105 1398 146 15

67 205 151 247 vim
188 203 369 245 telorum
408 202 572 245 adversi
610 202 884 256 sustinerent,
921 202 1064 257 veriti,
1102 216 1154 244 ne
1185 201 1238 243 ab
1275 203 1396 255 tergo

67 267 471 312 circumvenirentur
515 270 556 308 et
599 267 785 308 discessu
828 268 999 308 navium
1044 267 1214 308 omnino
1257 265 1396 307 reditu

65 333 456 386 intercluderentur,
487 332 767 374 munitionem
798 330 842 371 in
874 334 1003 384 ponte
1038 331 1278 372 institutam
1302 329 1396 370 reli-

66 400 248 454 querunt
267 399 310 439 et
327 410 482 451 magno
503 411 627 438 cursu
653 395 817 436 incitati
843 395 896 435 ad
920 409 1047 436 naves
1079 394 1394 436 contenderunt.

66 462 254 512 Quorum
284 475 382 515 pars
413 460 628 514 proximas
654 461 777 501 nacta
800 473 927 500 naves
959 459 1232 500 multitudine
1262 458 1395 499 homi·
1422 468 1443 499 ss

65 541 166 569 num
204 529 331 580 atque
370 539 494 566 onere
533 525 729 579 depressa
764 526 845 578 est,
882 537 979 577 pars
1016 523 1217 565 resistens
1249 526 1291 564 et
1324 522 1395 564 du-

68 590 218 645 bitans,
250 589 352 645 quid
383 592 494 631 esset
525 589 774 643 capiendum
805 587 984 641 consilii,
1016 587 1067 628 ab
1097 586 1396 628 Alexandrinis

64 655 287 698 interfecta
331 657 416 709 est3
459 653 653 695 nonnulli
695 651 882 694 feliciore
926 651 1042 693 exitu
1087 652 1302 706 expeditas
1345 651 1399 692 ad

65 734 260 762 ancoram
291 733 419 761 naves
446 717 660 760 consecuti
692 715 923 758 incolumes
949 715 1244 769 discesserunt,
1274 715 1398 770 pauci

65 784 267 826 adlevatis
293 783 424 825 scutis
452 785 494 824 et
517 782 657 823 animo
684 780 735 821 ad
760 780 996 822 conandum
1020 780 1104 821 nisi
1129 780 1181 821 ad
1204 779 1398 834 proxima

63 849 234 903 navigia
265 847 530 889 adnatarunt.

151 911 265 955 XXI.
310 911 462 954 Caesar
488 910 626 966 quoad
650 910 791 965 potuit
810 909 1068 952 cohortando
1094 923 1194 951 suos
1219 909 1271 950 ad
1295 922 1395 963 pon·
1423 918 1442 949 1

65 981 151 1020 tem
184 991 231 1018 ac
262 976 520 1017 munitiones
552 975 785 1029 continere,
826 974 972 1016 eodem
1008 974 1053 1015 in
1089 973 1277 1028 periculo
1307 988 1396 1015 ver-

65 1046 182 1084 satus
215 1045 296 1096 est3
327 1043 554 1095 postquam
585 1040 804 1081 universos
836 1039 980 1080 cedere
1013 1038 1323 1092 animadvertit,
1352 1038 1397 1078 in

65 1122 189 1149 suum
226 1106 444 1161 navigium
481 1119 525 1146 se
561 1103 730 1158 recepit.
792 1102 884 1152 Quo
915 1103 1144 1144 multitudo
1175 1102 1396 1144 hominum
1423 1111 1444 1141 2

65 1173 256 1213 insecuta
293 1184 388 1211 cum
424 1169 702 1222 inrumperet,
741 1182 877 1222 neque
909 1167 1231 1208 administrandi
1261 1181 1396 1222 neque

65 1234 296 1290 repellendi
327 1248 352 1274 a
381 1235 494 1274 terra
523 1231 702 1273 facultas
735 1232 921 1286 daretur,
952 1232 1059 1286 fore,
1091 1232 1204 1286 quod
1234 1232 1398 1286 accidit,

65 1300 304 1354 suspicatus
342 1311 433 1339 sese
470 1311 522 1338 ex
558 1296 729 1350 navigio
762 1296 883 1337 eiecit
920 1299 1046 1350 atque
1078 1297 1130 1336 ad
1161 1311 1249 1350 eas,
1290 1311 1396 1350 quae

63 1364 234 1419 longius
272 1361 568 1414 constiterant,
607 1374 735 1401 naves
774 1359 1000 1401 adnatavit.
1061 1358 1174 1400 Hinc
1214 1359 1302 1400 suis
1340 1359 1396 1400 la·
1422 1369 1444 1399 3

65 1427 315 1471 borantibus
347 1425 536 1467 subsidio
568 1423 746 1479 scaphas
777 1424 952 1465 mittens
976 1423 1203 1465 nonnullos
1235 1438 1397 1465 conser-

64 1493 190 1535 vavit.
250 1489 483 1545 Navigium
515 1488 685 1544 quidem
723 1488 812 1530 eius
849 1488 1122 1529 multitudine
1154 1488 1397 1542 depressum

65 1557 250 1599 militum
275 1569 360 1597 una
385 1569 481 1597 cum
510 1553 756 1596 hominibus
786 1552 959 1594 interiit.
1019 1551 1113 1593 Hoc
1137 1551 1299 1605 proelio
1332 1552 1398 1593 de·
1423 1562 1446 1592 4

68 1621 240 1664 siderati
285 1622 385 1661 sunt
421 1633 473 1660 ex
508 1632 685 1660 numero
724 1617 1055 1672 legionariorum
1097 1616 1283 1657 militum
1323 1617 1398 1658 cir-

66 1687 170 1728 citer
201 1695 312 1726 cccc
351 1687 393 1726 et
428 1682 555 1738 paulo
592 1682 704 1725 ultra
741 1696 837 1723 eum
868 1696 1090 1723 numerum
1122 1681 1326 1722 classiarii
1357 1683 1399 1722 et

65 1750 256 1805 remiges.
318 1747 598 1790 Alexandrini
623 1761 671 1789 eo
702 1745 795 1788 loco
822 1745 1042 1788 castellum
1066 1746 1233 1801 magnis
1264 1745 1398 1786 muni·
1424 1756 1446 1786 5

66 1815 252 1857 tionibus
271 1813 503 1868 multisque
522 1811 747 1854 tormentis
767 1811 1072 1853 confirmarunt
1091 1813 1217 1865 atque
1242 1810 1398 1865 egestis

10 1884 12 1886 ’
67 1893 118 1921 ex
146 1878 253 1920 mari
289 1877 502 1932 lapidibus
534 1876 666 1918 libere
697 1877 798 1918 sunt
827 1875 894 1917 usi
930 1878 1080 1930 postea
1110 1875 1161 1915 ad
1192 1874 1400 1916 mittenda

65 1943 244 1998 navigia.

151 2005 287 2049 XXII.
336 2005 430 2048 Hoc
456 2006 708 2048 detrimento
739 2005 897 2047 milites
930 2003 1067 2045 nostri
1095 2006 1262 2045 tantum
1288 2003 1397 2044 afue-
1426 2015 1443 2044 1

67 2074 165 2113 runt
195 2073 243 2112 ut
272 2070 640 2125 perturbarentur,
677 2073 726 2112 ut
763 2069 923 2112 incensi
955 2070 1082 2123 atque
1119 2068 1283 2109 incitati
1314 2082 1398 2108 ma-

68 2149 170 2191 gnas
207 2135 466 2177 accessiones
507 2134 685 2176 fecerint
722 2134 766 2176 in
805 2134 1004 2190 operibus
1043 2133 1233 2175 hostium
1274 2146 1400 2187 expu-

68 2200 254 2255 gnandis.
303 2198 354 2241 In
377 2199 552 2254 proeliis
578 2199 814 2254 cotidianis,
841 2199 1190 2254 quandocumque
1214 2197 1302 2238 fors
1328 2196 1398 2238 ob·
1425 2207 1445 2238 2

0 2272 4 2300 ὲ
67 2263 238 2319 tulerat,
277 2264 624 2318 procurrentibus
657 2266 699 2306 et
738 2263 1056 2318 erumpentibus
1088 2260 1400 2315 Alexandrinis,

0 2337 13 2373 [ι
67 2342 237 2370 manum
257 2362 265 2370 .
287 2362 294 2370 .
316 2363 323 2371 .
345 2363 353 2370 .
373 2329 671 2384 comprehendi
702 2328 885 2370 multum
918 2327 1116 2382 operibus
1143 2359 1150 2367 .
1172 2359 1179 2366 .
1201 2359 1208 2366 .
1231 2359 1237 2366 .
1265 2328 1307 2367 et
1338 2340 1399 2366 ar-
