1638 2600
462 85 562 121 CAP.
587 86 984 121 XXXX—XXXXHII.
1335 88 1390 128 73

6 214 17 239 Ι,
56 181 265 226 intellexit
307 181 434 223 simul
471 183 513 222 et
550 181 751 236 oppidum
789 196 872 223 uno
917 185 1106 237 tempore
1147 195 1391 237 oppugnare

0 246 3 272 ³
56 250 98 290 et
133 247 177 288 in
214 245 301 287 acie
339 246 383 287 in
426 259 556 287 cornu
594 246 740 288 dextro
781 260 828 287 ac
870 246 1042 288 sinistro
1087 261 1139 288 ex
1181 247 1390 301 iniquiore

55 312 146 354 loco
188 324 394 365 pugnare,
444 310 691 364 praesertim
736 324 830 352 cum
874 310 1031 353 milites
1075 325 1100 352 a
1140 325 1263 352 mane
1308 311 1391 352 diei

55 375 183 419 ieiuni
214 375 292 416 sub
324 374 452 415 armis
484 376 701 417 stetissent
733 374 965 429 defatigati.
1026 374 1176 430 Itaque
1206 375 1390 418 reductis
1416 386 1437 417 2

54 440 141 484 suis
173 438 304 493 copiis
335 439 380 480 in
412 442 549 480 castra
579 442 748 494 postero
781 439 847 480 die
878 440 1054 494 propius
1086 454 1233 482 eorum
1259 441 1390 482 aciem

0 506 6 513 ’
54 504 241 548 instituit
272 503 540 558 exporrigere
571 504 839 545 munitiones.

140 565 378 609 XXXXIII.
439 566 617 609 Interim
655 566 894 622 Considius,
939 569 1012 622 qui
1047 567 1243 623 Acyllam
1265 602 1390 611 .....

0 636 3 660 ³
55 635 96 675 et
135 644 218 674 VIII
260 631 507 674 cohortibus
551 632 834 686 stipendiariis
877 631 1078 674 Numidis
1117 632 1389 687 Gaetulisque

54 696 291 750 obsidebat,
339 696 414 737 ubi
460 695 502 738 O.
541 695 723 738 Messius
766 696 1011 739 cohortibus
1059 700 1268 751 praeerat,
1318 697 1389 738 diu

53 761 318 815 multumque
339 763 537 815 expertus
562 762 812 816 magnisque
837 761 1035 816 operibus
1061 775 1184 816 saepe
1207 761 1389 802 admotis

2 816 14 847 ¹·
52 828 94 869 et
112 825 180 867 his
201 825 252 866 ab
276 825 498 880 oppidanis
524 826 706 867 incensis
734 840 828 868 cum
854 826 1078 880 proficeret
1102 825 1222 880 nihil,
1247 825 1388 867 subito

51 890 200 933 nuntio
234 890 283 931 de
315 890 501 944 equestri
531 890 692 944 proelio
725 890 864 932 adlato
898 892 1133 932 commotus
1163 891 1391 944 frumento,

4 969 12 976 ·
52 955 171 998 cuius
202 954 248 996 in
279 954 428 995 castris
461 955 624 1008 copiam
655 954 878 1009 habuerat,
915 955 1104 1009 incenso,
1140 955 1258 1009 vino,
1295 954 1388 996 oleo

51 1020 284 1074 ceterisque
320 1019 466 1073 rebus,
505 1033 610 1073 quae
648 1019 700 1060 ad
735 1019 895 1061 victum
931 1019 1072 1073 parari
1109 1018 1264 1073 solent,
1301 1033 1388 1060 cor-

49 1084 186 1139 ruptis
211 1082 419 1138 Acyllam,
446 1097 572 1138 quam
605 1083 837 1138 obsidebat,
869 1083 1053 1125 deseruit
1084 1085 1210 1138 atque
1237 1082 1387 1124 itinere

49 1163 124 1204 per
153 1162 331 1203 regnum
362 1147 491 1189 Iubae
522 1149 634 1190 facto
667 1149 808 1202 copias
840 1162 936 1189 cum
969 1145 1167 1202 Scipione
1204 1148 1387 1203 partitus

49 1207 360 1255 Hadrumetum
391 1227 435 1254 se
466 1213 635 1266 recepit.

135 1275 396 1318 XXXXIIII.
448 1275 615 1318 Interea
639 1291 691 1318 ex
722 1276 904 1318 secundo
931 1280 1180 1332 commeatu,
1212 1292 1336 1332 quem
1363 1293 1386 1319 a
1413 1289 1431 1321 1

0 1357 6 1363 ·
50 1340 194 1384 Sicilia
217 1341 390 1382 miserat
414 1340 606 1396 Alienus,
630 1340 751 1382 navis
777 1355 872 1395 una,
900 1341 945 1382 in
971 1355 1054 1396 qua
1078 1342 1217 1384 fuerat
1243 1341 1289 1391 Q.
1311 1341 1387 1384 Go-

0 1397 3 1406 '
48 1407 203 1448 minius
235 1408 277 1447 et
306 1405 352 1447 L.
379 1405 537 1460 Ticida,
568 1419 695 1460 eques
720 1404 950 1461 Romanus,
983 1406 1034 1447 ab
1061 1407 1229 1448 residua
1254 1406 1386 1449 classe

0 1486 4 1492 ·
49 1485 144 1514 cum
169 1470 393 1513 erravisset
419 1469 640 1525 delataque
661 1472 771 1512 esset
789 1474 916 1512 vento
938 1470 990 1512 ad
1009 1470 1220 1526 Thapson,
1246 1471 1386 1513 aVer-

0 1527 2 1569 ἶ
48 1535 150 1592 gilio
187 1535 354 1590 scaphis
392 1533 682 1589 naviculisque
714 1535 914 1576 actuariis
946 1538 1121 1590 excepta
1158 1538 1222 1577 est
1259 1538 1302 1576 et
1333 1536 1385 1577 ad

0 1616 1 1621 ¹
50 1599 287 1655 Scipionem
313 1599 501 1641 deducta.
551 1597 660 1640 Item
692 1598 825 1640 altera
848 1599 968 1641 navis
994 1600 1136 1641 trieris
1163 1615 1215 1641 ex
1240 1600 1383 1641 eadem
1410 1612 1432 1643 2

49 1663 178 1706 classe
204 1664 439 1706 errabunda
464 1678 512 1706 ac
536 1665 788 1718 tempestate
815 1662 953 1704 delata
979 1663 1031 1704 ad
1054 1662 1335 1718 Aegimurum
1361 1678 1385 1705 a

48 1727 289 1771 classeVari
308 1731 351 1770 et
363 1727 419 1769 M.
436 1726 602 1770 Octavii
622 1731 686 1769 est
707 1730 839 1782 capta,
858 1728 903 1768 in
923 1742 1006 1782 qua
1024 1727 1183 1769 milites
1196 1728 1385 1770 veterani

49 1806 142 1835 cum
173 1807 257 1835 uno
289 1793 534 1835 centurione
566 1795 608 1834 et
637 1792 833 1834 nonnulli
864 1792 1023 1834 tirones
1054 1791 1245 1848 fuerunt3
1278 1807 1384 1847 quos

47 1855 184 1898 Varus
221 1857 464 1899 adservatos
501 1857 592 1899 sine
630 1856 884 1898 contumelia
921 1856 1184 1898 deducendos
1222 1857 1385 1899 curavit

48 1921 99 1963 ad
129 1920 379 1976 Scipionem.
442 1921 524 1972 Qui
554 1925 781 1977 postquam
813 1921 865 1962 ad
896 1935 991 1963 eum
1023 1925 1305 1975 pervenerunt
1342 1924 1384 1963 et
1409 1934 1430 1964 3

48 1988 142 2027 ante
184 1990 432 2042 suggestum
477 1986 567 2028 eius
611 1987 911 2040 constiterunt,
962 1984 1075 2028 ‘Non
1111 1986 1280 2040 vestra',
1323 1986 1382 2026 in-

49 2050 149 2105 quit,
181 2050 346 2105 esponte
375 2065 452 2092 vos
484 2053 598 2092 certo
630 2051 735 2105 sciO,
772 2050 845 2092 sed
882 2050 996 2092 illius
1029 2049 1221 2092 scelerati
1252 2050 1382 2092 vestri

47 2113 310 2168 imperatoris
347 2114 534 2169 impulsu
571 2117 614 2156 et
651 2115 827 2169 imperio
866 2117 1033 2156 coactos
1072 2115 1183 2157 cives
1227 2117 1269 2156 et
1312 2128 1382 2169 op-

47 2178 196 2220 timum
240 2194 448 2234 quemque
490 2179 649 2221 nefarie
699 2180 941 2221 consectari.
1016 2179 1131 2229 Quos
1182 2180 1381 2234 quoniam
1406 2191 1428 2222 4

0 2250 5 2274 '1
46 2241 214 2285 fortuna
255 2244 300 2286 in
345 2247 533 2286 nostram
578 2244 731 2286 detulit
772 2247 1045 2299 potestatem,
1089 2244 1142 2298 si,
1186 2243 1229 2284 id
1269 2244 1382 2299 quod

0 2324 3 2339 ’-
46 2305 179 2349 facere
217 2308 395 2364 debetis,
435 2309 739 2364 rempublicam
778 2324 872 2351 cum
911 2309 1070 2363 optimo
1110 2322 1276 2363 quoque
1315 2309 1381 2351 de-
