1669 2574
222 200 240 230 1

221 391 240 421 2

268 93 326 134 40
627 90 821 124 BELLUM
846 88 1243 125 ALEXANDRiNUM,

356 187 486 229 LXII.
519 186 671 228 Paucis
703 185 849 226 diebus
882 183 926 233 Q.
959 182 1093 225 Cassii
1122 184 1278 226 litteris
1309 187 1490 240 acceptis
1521 202 1595 228 rex

267 252 413 307 Bogus
447 266 541 292 cum
573 249 706 303 copiis
737 249 853 289 venit
884 247 1156 303 adiungitque
1187 250 1224 290 ei
1256 250 1431 304 legioni,
1469 265 1595 305 quam

267 330 407 357 secum
439 315 688 368 adduxerat,
726 312 958 367 complures
990 312 1183 354 cohortes
1221 314 1461 356 auxiliarias
1498 314 1594 357 His-

268 394 485 434 panorum.
546 377 744 432 Namque
782 380 830 418 ut
863 376 907 416 in
940 376 1134 418 civilibus
1167 378 1500 420 dissensionibus
1531 394 1594 420 ac-

267 444 403 485 cidere
429 443 660 497 consuevit,
691 442 753 483 ita
783 441 1039 494 temporibus
1072 441 1157 483 illis
1188 443 1232 483 in
1261 442 1468 497 Hispania
1493 458 1593 485 non-

266 507 406 548 nullae
432 507 624 549 civitates
655 507 781 548 rebus
803 505 931 547 Cassii
963 505 1200 561 studebant,
1231 507 1374 561 plures
1393 507 1594 549 Marcello

266 572 476 612 favebant.
546 570 724 613 Accedit
768 584 855 612 cum
901 570 1034 623 copiis
1076 569 1222 625 Bogus
1265 571 1317 612 ad
1367 572 1595 613 exteriores

266 635 458 677 Marcelli
494 636 763 677 munitiones.
806 633 1028 688 Pugnatur
1058 635 1271 690 utrimque
1304 636 1473 690 acriter,
1511 651 1593 678 cre-

266 700 427 754 broque
454 700 497 741 id
522 700 674 741 accidit
692 699 874 741 Fortuna
894 712 1017 752 saepe
1043 698 1094 738 ad
1119 701 1346 754 utrumque
1372 700 1593 741 victoriam

267 764 564 818 transferente,
600 778 677 805 nec
711 766 843 804 tamen
875 776 1076 816 umquam
1108 762 1159 803 ab
1193 764 1391 817 operibus
1424 765 1593 819 depelli-

267 832 337 870 tur
367 827 607 869 Marcellus.

354 892 506 934 LXIII.
551 892 718 934 Interin
742 890 927 944 Lepidus
954 905 1004 932 ex
1031 891 1224 932 citeriore
1253 893 1471 945 provincia
1497 907 1592 934 cum

269 957 514 999 cohortibus
551 954 786 1012 legionariis
822 966 950 995 XXXV
986 969 1223 1010 magnoque
1264 970 1438 998 numero
1480 958 1593 1011 equi-

267 1025 359 1063 tum
392 1025 434 1062 et
465 1021 715 1076 reliquorum
750 1018 1003 1059 auxiliorum
1035 1020 1152 1060 venit
1183 1034 1230 1060 ea
1267 1023 1406 1061 mente
1437 1019 1593 1076 Uliam,

268 1090 316 1127 ut
365 1087 455 1127 sine
499 1086 587 1127 ullo
632 1083 761 1126 studio
806 1083 1097 1124 contentiones
1142 1082 1276 1125 Cassii
1320 1083 1593 1139 Marcelh'que

269 1154 550 1204 componeret.
611 1146 712 1191 Huic
736 1148 923 1189 venienti
954 1147 1043 1189 sine
1070 1148 1333 1190 dubitatione
1366 1148 1593 1191 Marcellus

269 1230 312 1256 se
356 1215 489 1256 credit
533 1217 647 1269 atqle
693 1213 832 1266 offert3
878 1211 1046 1253 Cassius
1084 1215 1231 1254 contra
1268 1213 1356 1254 suis
1395 1228 1438 1255 se
1477 1217 1593 1255 tenet

267 1279 508 1333 praesidiis,
549 1279 625 1319 sire
658 1290 723 1329 eo,
761 1276 875 1330 quod
910 1276 1005 1330 plus
1038 1276 1119 1317 sibi
1152 1277 1256 1318 iuris
1290 1277 1430 1318 deberi
1463 1293 1589 1332 quam

267 1342 467 1384 Marcello
500 1340 769 1394 exstimabant,
802 1340 890 1380 sive
922 1355 983 1394 eo,
1016 1342 1139 1395 quod,
1173 1356 1225 1382 ne
1257 1346 1591 1396 praeoccupatus

268 1406 433 1447 animus
476 1402 614 1459 Lesidi
659 1406 771 1444 esset
815 1404 1017 1458 obsequio
1068 1405 1312 1459 adversarii,
1356 1406 1591 1448 verebatur.

267 1470 395 1511 Ponit
433 1470 485 1511 ad
521 1465 652 1511 Uliam
694 1470 833 1508 castra
869 1467 1054 1522 Lepidus
1092 1484 1227 1523 neque
1258 1469 1387 1511 habet
1424 1485 1448 1511 a
1482 1469 1591 1511 Mar-

268 1535 373 1576 cello
419 1535 629 1589 quicquam
675 1531 809 1572 divisi.
876 1531 943 1574 Ne
987 1536 1220 1587 pugnetur,
1264 1533 1495 1589 interdicit3
1540 1535 1591 1575 ad

269 1599 506 1640 exeundum
524 1594 716 1636 Cassium
748 1595 902 1636 invitat
931 1596 1141 1651 fidemque
1175 1611 1293 1638 suam
1325 1598 1369 1638 in
1400 1612 1444 1639 re
1476 1599 1591 1640 omni

268 1664 500 1718 interponit
559 1659 664 1701 Cum
697 1660 768 1701 diu
801 1660 1037 1702 dubitasset
1070 1660 1252 1716 Cassius,
1288 1662 1390 1715 quid
1422 1663 1503 1704 sibi
1534 1663 1591 1703 fa-

269 1728 462 1769 ciendum
482 1725 633 1778 quidve
664 1724 824 1779 Lepido
858 1728 968 1766 esset
994 1726 1262 1780 credendum,
1294 1741 1430 1780 neque
1457 1727 1591 1767 ullum

269 1793 430 1833 exitum
462 1789 613 1830 cnsilii
646 1790 711 1830 sui
743 1790 958 1844 reperiret,
991 1789 1026 1830 si
1057 1793 1327 1844 permaneret
1357 1791 1400 1831 in
1427 1793 1590 1832 senten—

268 1857 339 1911 tia,
370 1852 554 1910 pos‘ulat,
590 1854 653 1894 uti
684 1854 946 1895 munitiones
979 1854 1256 1896 disicerentur
1287 1855 1452 1909 sibique
1483 1855 1593 1896 liber

271 1920 407 1961 exitus
435 1916 605 1957 laretur.
666 1916 767 1958 Non
793 1920 960 1958 tantum
993 1917 1169 1958 indutiis
1195 1919 1330 1972 factis,
1363 1919 1436 1960 sed
1460 1933 1591 1973 prope

269 1985 352 2025 iam
376 1994 464 2036 pace
501 1981 734 2022 constituta
765 1995 894 2034 opera
932 1995 1023 2022 cum
1054 1982 1424 2036 complanarentur
1455 1986 1591 2024 custo-

270 2049 426 2101 diaeque
458 2045 747 2085 munitionum
782 2048 923 2086 essent
955 2045 1174 2100 deductae,
1212 2047 1369 2088 auxilia
1403 2048 1515 2102 regis
1547 2049 1591 2089 in

269 2113 313 2153 id
343 2107 547 2153 catellum
579 2107 788 2162 Marcelli,
828 2109 940 2163 quod
976 2110 1217 2162 proximum
1256 2114 1346 2152 erat
1382 2112 1495 2166 regis
1528 2126 1591 2153 ca-

275 2177 374 2218 stris
400 2187 535 2226 neque
568 2172 841 2226 opinantibus
875 2173 1070 2214 omnibus
1102 2199 1158 2202 —
1190 2174 1226 2214 si
1258 2177 1398 2215 tamen
1430 2176 1474 2216 in
1507 2190 1591 2216 om-

270 2240 380 2280 nibis
412 2236 495 2276 fuit
528 2234 714 2277 Cassius:
756 2251 853 2277 nam
893 2238 942 2278 de
979 2237 1106 2279 huius
1139 2239 1396 2279 conscientia
1428 2239 1590 2280 dubita·

276 2304 382 2344 bam·
413 2324 470 2328 —
502 2300 707 2353 impetum
744 2300 934 2342 fecerunt
971 2301 1292 2356 compluresque
1333 2302 1393 2343 ibi
1433 2302 1590 2344 milites

1651 2401 1659 2574 —————-
