1638 2600
523 103 618 139 VIII.
654 103 930 140 EPISTULAE.
1314 106 1400 148 207

146 200 217 236 Cic.
238 199 288 234 ad
309 199 375 244 Qu.
395 199 443 241 fr.
458 199 536 242 III,
556 201 578 234 5
598 202 629 234 et
649 201 683 242 6',
702 202 724 234 3
746 201 868 243 (mens.
893 199 965 235 Oct.
987 204 1052 236 aut
1070 200 1181 244 Nov.)
1231 200 1397 236 Caesaris
1416 210 1442 227 ³²·
1456 210 1484 228 ¹1·
1499 210 1526 249 <f-

50 259 183 292 «miore⁷
216 258 318 292 quem
353 247 401 281 ad
433 257 485 281 me
514 246 742 291 perscripsit,
774 248 878 282 unice
912 247 1083 290 delector;
1112 248 1302 292 promissis
1336 249 1396 291 iis,
1432 238 1511 306 {³51}

49 306 140 343 quae
164 294 328 336 ostendit,
352 304 427 328 non
452 294 555 329 valde
574 294 722 338 pendeo.
765 294 842 329 Nec
866 295 949 329 sitio
973 295 1123 330 honores
1147 306 1211 330 nec
1235 296 1397 331 desidero
1455 292 1458 297 '

49 343 202 390 yloriam
232 342 416 387 mayisque
446 341 523 376 eius
553 341 750 376 voluntatis
772 342 1047 386 perpetuitatem
1073 353 1181 386 quam
1201 343 1396 387 promisso-

48 402 132 427 rum
154 390 291 425 exitum
317 392 488 432 eoespecto.

147 437 215 472 Cic.
237 436 286 470 ad
305 435 378 470 Att.
400 435 472 478 IV,
492 437 551 478 17,
571 437 603 470 3.
641 435 676 470 A
699 434 833 480 Quinto
858 436 974 478 fratre
999 440 1031 471 et
1056 448 1079 471 a
1106 436 1258 472 Caesare
1277 438 1400 482 accepi

47 497 83 520 a.
110 485 144 519 ol.
170 483 234 518 IX
252 483 339 517 Kal.
367 483 460 517 Nov.
489 483 625 518 litteras
650 483 756 518 datas
781 495 805 517 a
831 483 998 518 litoribus
1023 484 1247 519 Britanniae
1267 485 1396 529 proxi-

48 533 117 568 mis
147 543 180 566 a.
206 531 240 565 d.
274 530 333 564 VI
353 529 440 564 Kal.
471 529 606 565 Octobr.
654 530 824 572 Confecta
858 531 1081 573 Britannia,
1119 532 1303 567 obsidibus
1339 544 1398 567 ac-

44 579 172 624 ceptis,
198 578 303 612 nulla
324 578 483 621 praeda,
508 578 685 622 imperata
715 582 834 612 tamen
854 579 1014 622 pecunia
1045 579 1239 614 ea‘ercitum
1265 591 1282 614 e
1308 579 1396 614 Bri-

46 626 180 662 tannia
203 625 446 669 reportabant.

143 673 214 708 Cic.
236 672 284 706 ad
298 672 371 707 Att.
393 673 421 706 I
424 672 570 715 V‚18,3
590 674 713 716 (mens.
728 672 846 717 Nou).
879 672 1047 716 Perspice
1068 702 1074 708 .
1093 702 1099 707 .
1117 702 1123 707 .
1144 684 1225 708 cum
1246 673 1399 709 Caesare

42 720 298 756 suavissimam
317 720 604 754 coniunctionem
630 747 636 754 .
659 748 666 754 .
693 720 756 764 qui
778 720 920 765 quidem
943 719 1119 764 Quintum
1137 732 1253 755 meum
1278 725 1397 756 tuum-

44 779 123 814 que,
143 768 184 803 di
197 767 301 802 boni!
320 767 617 811 quemadmodum
636 771 769 802 tractat
786 768 929 810 honore,
950 767 1137 812 (liynitate,
1160 769 1305 813 qratia!
1322 780 1399 803 non

41 826 155 858 secus,
181 825 223 849 ac
247 815 279 849 si
304 824 365 859 eyo
391 825 497 848 essem
522 815 725 859 imperator.
751 814 922 850 Hiberna
947 815 1097 860 leyionis
1117 815 1273 860 eliyendi
1299 816 1398 860 optio

41 863 166 898 delata
191 862 426 904 commodum,
451 865 492 896 ut
517 862 566 896 ad
592 873 644 896 me
668 862 802 897 scribit.

479 956 555 990 AD
584 956 624 990 T.
651 956 963 991 LABIENUM.

141 1015 239 1050 Caes.
260 1015 306 1049 B.
332 1014 374 1049 G.
403 1015 444 1057 Γ,
465 1018 530 1057 46,
550 1018 582 1049 4.
628 1015 761 1050 Scribit
786 1015 967 1058 Labieno,
998 1016 1030 1050 si
1054 1016 1273 1060 reipublicae
1305 1027 1397 1052 com-

40 1062 146 1098 modo
167 1062 284 1107 possit
308 1063 443 1105 facere,
469 1073 545 1096 cum
575 1063 710 1108 leyione
735 1063 785 1097 ad
809 1063 897 1106 fines
922 1063 1142 1098 Nerviorum
1167 1064 1299 1099 veniat.

329 1156 405 1190 AD
434 1158 474 1201 Q.
504 1157 759 1192 TULLIUM
783 1156 1112 1193 CICERONEM.

139 1221 236 1257 Caes.
257 1222 304 1256 B.
328 1221 371 1256 G.
400 1222 441 1264 V,
461 1224 528 1265 48,
548 1224 653 1256 3-6,
702 1222 795 1256 Tum
820 1222 966 1256 cuidam
991 1234 1034 1258 ea:
1064 1224 1243 1267 equitibus
1271 1223 1394 1259 Gallis

37 1270 183 1315 maynis
205 1269 382 1313 praemiis
403 1270 613 1313 persuadet,
639 1270 695 1304 uti
719 1269 768 1304 ad
795 1269 998 1304 Ciceronem
1022 1271 1215 1314 epistulam
1241 1272 1391 1314 deferat.

38 1317 152 1352 Hanc
180 1316 330 1352 Graecis
361 1317 599 1360 conscriptam
633 1317 760 1352 litteris
785 1317 911 1361 mittit,
937 1328 982 1352 ne
1006 1318 1202 1362 intercepta
1234 1319 1392 1363 epistula

36 1369 165 1399 nostra
190 1364 235 1398 ab
261 1364 421 1398 hostibus
446 1364 600 1399 consilia
626 1368 897 1409 coynoscantur.
933 1393 938 1398 .
961 1391 968 1398 .
991 1392 998 1398 .
1036 1365 1087 1398 In
1113 1366 1241 1400 litteris
1265 1367 1392 1401 scribit

35 1422 74 1446 se
105 1423 186 1446 cum
223 1411 423 1456 leqionibus
451 1411 652 1455 profectum
677 1412 835 1447 celeriter
861 1412 987 1455 adfore
995 1425 1008 1455 ;
1041 1412 1225 1456 hortatur,
1250 1417 1292 1449 ut
1311 1414 1393 1458 pri-

36 1460 174 1494 stinam
199 1459 365 1494 virtutem
390 1459 553 1494 retineat.

516 1565 549 1588 a.
570 1565 606 1588 u.
627 1565 654 1589 c.
680 1554 810 1590 DCCI
832 1556 923 1598 (53).
1413 1558 1526 1612 ‘35ng

320 1613 396 1647 AD
424 1613 479 1647 M.
510 1613 765 1648 TULLIUM
789 1612 1119 1649 CICERONEM.
1437 1622 1494 1655 (53)

136 1677 208 1712 Cic.
235 1678 331 1712 Phil.
353 1678 409 1720 II,
429 1680 486 1713 49.
525 1678 666 1713 Venisti
683 1689 700 1712 e
721 1678 848 1713 Gallia
873 1679 923 1713 ad
942 1682 1174 1723 quaesturam
1186 1680 1392 1723 petendam.

37 1724 147 1759 Aude
181 1725 296 1759 dicere
326 1729 358 1760 te
384 1726 493 1769 prius
525 1725 574 1760 ad
594 1729 782 1769 parentem
806 1730 907 1760 tuam
940 1726 1075 1760 venisse
1106 1737 1216 1770 quam
1247 1727 1297 1761 ad
1327 1739 1391 1762 me.

37 1773 256 1816 Acceperam
270 1773 344 1806 iam
358 1777 441 1807 ante
456 1772 623 1807 Caesa-ris
637 1773 786 1815 litteras,
805 1777 846 1808 ut
859 1773 949 1807 mihi
961 1773 1051 1808 satis
1063 1774 1144 1816 fleri
1153 1778 1298 1818 paterer
1312 1786 1335 1808 a
1348 1779 1391 1810 te.

136 1819 276 1854 Charis.
298 1831 336 1864 p.
363 1822 436 1854 126
462 1820 510 1854 K.
558 1820 691 1855 Caesar
722 1821 956 1864 epistolarum
987 1821 1036 1854 ad
1063 1820 1284 1856 Ciceronem.-
1317 1821 1393 1856 Ne—

35 1877 122 1910 que,
147 1867 279 1912 inquit,
303 1878 370 1911 pro
397 1868 507 1902 cauto
535 1877 578 1901 ac
603 1866 786 1912 diligente
812 1878 849 1902 se
876 1867 1008 1902 castris
1035 1867 1230 1903 continuit.

501 1973 533 1996 a.
555 1973 591 1996 u.
613 1973 640 1996 c.
662 1961 815 1997 DCCII
836 1964 927 2006 (52).
1411 1973 1524 2026 3351&st

448 2020 525 2055 AD
565 2020 643 2056 CN.
676 2020 895 2056 POMPEI
898 2021 986 2056 UM.
1435 2037 1491 2070 (52)

135 2079 235 2115 Plut.
258 2080 384 2124 Pomp.
406 2082 464 2115 56.
492 2077 533 2115 ‘O
554 2079 749 2124 Πομπήιος
769 2079 839 2125 ἔφη
861 2079 1058 2126 γράμματα
1079 2079 1268 2124 Καίσαρος
1293 2081 1391 2126 ἔχειν

36 2125 263 2173 βουλομένου
306 2128 433 2173 λαβεῖν
477 2126 658 2173 διάδοχον
702 2128 765 2162 καὶ
811 2128 1031 2162 παύσασθαι
1074 2133 1140 2173 τῆς
1183 2128 1389 2171 στρατείας·

35 2172 216 2214 ὑπατείας
253 2172 376 2218 μέντοι
413 2175 478 2209 καὶ
515 2174 563 2220 μὴ
600 2173 759 2219 παρόντι
797 2177 915 2215 καλῶς
959 2175 1055 2221 ἔχειν
1100 2175 1246 2220 αἴτησιν
1289 2176 1390 2223 αὐτῷ

0 2227 1 2256 l
36 2222 214 2266 δοθῆναι.

483 2268 559 2303 AD
585 2269 854 2305 SENATUM
877 2269 943 2314 (?).

134 2327 232 2362 Caes.
253 2327 300 2362 B.
325 2327 368 2362 G.
395 2328 489 2371 VII,
515 2332 579 2371 90,
599 2331 634 2363 8.
678 2329 806 2364 Huius
839 2330 932 2364 anni
963 2330 1068 2364 rebus
1094 2328 1166 2375 <ete
1194 2329 1390 2378 Caesaris>

36 2374 167 2410 litteris
192 2375 345 2421 coynitis
370 2375 507 2410 Romae
532 2376 673 2411 dierum
699 2377 781 2411 XX
803 2377 1023 2422 supplicatio
1050 2377 1226 2412 redditur.
