1669 2574
233 662 253 691 ΚΦ

237 1627 257 1656 [Ο

276 106 332 147 98
722 102 916 137 BELLUM
941 102 1164 137 AFRICUM.

275 201 463 242 hostium
489 212 520 240 X
550 199 724 240 milibus
748 198 992 252 fugatisque
1018 197 1305 252 compluribus
1332 212 1375 238 se
1401 198 1559 251 recepit
1583 209 1610 239 L

276 265 483 306 militibus
529 263 714 317 amissis,
756 262 901 317 paucis
940 261 1093 302 sauciis
1130 262 1174 302 in
1212 264 1348 302 castra
1385 276 1431 302 ac
1469 261 1612 303 statim

278 345 328 370 ex
366 329 515 369 itinere
554 330 650 368 ante
689 327 890 381 oppidum
929 326 1144 380 Thapsum
1189 327 1381 367 constitit
1420 325 1612 380 elephan-

278 396 428 447 tosque
470 403 579 432 LXIV
624 394 794 433 ornatos
834 393 1100 444 armatosque
1138 405 1232 431 cum
1270 391 1458 431 turribus
1495 404 1613 431 orna—

277 457 516 510 mentisque
550 456 680 510 capit,
723 457 868 509 captos
901 457 996 496 ante
1028 455 1229 509 oppidum
1260 455 1488 496 instructos
1520 469 1613 496 con-

279 521 437 574 stituit,
481 521 525 561 id
565 520 647 561 hoc
690 519 885 574 consilio,
929 519 965 560 si
1008 521 1152 573 posset
1182 518 1416 573 Vergilius,
1460 518 1614 572 quique

280 600 375 626 cum
407 600 455 626 eo
488 585 807 637 obsidebantur,
845 584 906 624 rei
943 583 1052 624 male
1083 586 1225 638 gestae
1257 597 1429 624 suorum
1460 583 1614 624 indicio

281 665 304 690 a
334 650 568 703 pertinacia
600 649 758 690 deduci.
811 648 972 689 Deinde
1004 648 1094 701 ipse
1125 646 1363 701 Vergilium
1389 646 1616 701 appellavit

278 714 559 768 invitavitque
592 714 643 754 ad
676 713 933 754 deditionem
965 726 1168 766 suamque
1205 711 1423 752 lenitatem
1461 713 1502 751 et
1539 711 1615 752 cle-

279 779 481 819 mentiam
506 777 860 819 commemoravit.
912 776 1044 826 Quem
1070 778 1296 829 postquam
1322 775 1617 816 animadvertit

281 858 531 896 responsum
564 842 646 883 sibi
677 856 762 882 non
789 842 898 895 dare,
930 841 981 881 ab
1008 840 1163 893 oppido
1190 840 1393 881 discessit.
1440 838 1616 881 Postero

280 907 346 948 die
392 908 534 948 divina
578 921 622 947 re
666 906 778 946 facta
821 905 1016 946 contione
1059 905 1261 945 advocata
1303 905 1347 945 in
1392 906 1618 958 conspectu

280 971 588 1024 oppidanorum
639 970 796 1011 milites
847 969 1071 1010 conlaudat
1119 971 1340 1023 totumque
1389 969 1618 1010 exercitum

279 1038 527 1076 veteranum
560 1035 745 1088 donavit,
776 1034 964 1088 praemia
992 1033 1226 1074 fortissimo
1258 1033 1408 1087 cuique
1440 1048 1487 1075 ac
1513 1034 1620 1075 bene

280 1100 458 1140 merenti
489 1114 565 1153 pro
599 1101 803 1153 suggestu
835 1097 999 1151 tribuit,
1031 1112 1078 1138 ac
1110 1098 1254 1138 statim
1284 1098 1379 1139 inde
1405 1098 1620 1152 digressus

281 1163 433 1205 Rebilo
471 1164 724 1217 proconsule
763 1177 858 1204 cum
889 1174 940 1203 ΙΙΙ
972 1162 1023 1202 ad
1054 1162 1269 1216 Thapsum
1303 1162 1542 1217 legionibus
1579 1166 1621 1205 et

282 1228 354 1269 Cn.
398 1229 589 1270 Domitio
642 1244 737 1270 cum
787 1227 949 1269 duabus
993 1226 1227 1281 Thysdrae,
1275 1227 1350 1268 ubi
1399 1226 1621 1269 Considius

281 1295 490 1347 praeerat,
528 1293 580 1334 ad
618 1291 895 1334 obsidendum
933 1291 1110 1345 relictis,
1146 1291 1202 1332 M.
1234 1291 1417 1333 Messala
1451 1291 1620 1333 Uticam

283 1359 379 1398 ante
416 1358 650 1411 praemisso
690 1371 785 1398 cum
824 1356 1016 1410 equitatu
1060 1356 1150 1410 ipse
1188 1356 1333 1397 eodem
1371 1357 1452 1397 iter
1485 1356 1622 1398 facere

284 1422 512 1462 contendit.

372 1485 627 1526 LXXXVII.
699 1485 880 1540 Equites
941 1485 1110 1526 interim
1161 1483 1390 1539 Scipionis,
1445 1485 1519 1539 qui
1571 1500 1623 1526 ex

283 1550 443 1605 proelio
488 1551 703 1605 fugerant,
753 1565 848 1592 cum
892 1548 1062 1591 Uticam
1111 1564 1258 1591 versus
1303 1550 1385 1590 iter
1426 1549 1625 1606 facerent,

284 1616 537 1669 perveniunt
567 1615 618 1655 ad
651 1615 853 1668 oppidum
884 1613 1081 1655 Paradae.
1142 1612 1229 1655 Ubi
1261 1628 1357 1654 cum
1388 1614 1440 1655 ab
1473 1615 1622 1657 incolis

284 1694 369 1721 non
400 1680 699 1733 reciperentur,
729 1678 823 1720 ideo
856 1678 969 1733 quod
1000 1678 1113 1719 fama
1144 1678 1195 1719 de
1226 1678 1404 1719 victoria
1435 1673 1636 1721 Caesaris

284 1744 661 1798 praecucurrisset,
697 1744 740 1784 vi
777 1743 932 1797 oppido
970 1743 1099 1797 potiti
1130 1742 1173 1783 in
1203 1743 1341 1784 medio
1372 1743 1465 1784 foro
1495 1743 1623 1799 lignis

286 1808 543 1849 coacervatis
575 1808 856 1862 omnibusque
888 1807 1015 1849 rebus
1046 1822 1095 1849 eo
1126 1799 1504 1862 congestis’ignem
1529 1809 1622 1850 sub-

286 1873 420 1913 iciunt
452 1874 578 1925 atque
610 1872 700 1913 eius
732 1872 877 1926 oppidi
908 1871 1069 1914 incolas
1099 1873 1301 1926 cuiusque
1327 1873 1491 1926 generis
1516 1875 1623 1915 aeta-

287 1937 426 1990 tisque
456 1936 577 1977 vivos
609 1937 945 1990 constrictosque
976 1937 1020 1978 in
1051 1937 1265 1977 flammam
1291 1936 1475 1977 coiciunt
1500 1939 1624 1991 atque

288 2001 349 2041 ita
398 2000 668 2041 acerbissimo
714 2000 916 2041 adficiunt
959 2001 1185 2055 supplicio;
1236 2001 1383 2042 deinde
1431 2001 1624 2055 protinus

288 2065 458 2107 Uticam
486 2064 750 2119 perveniunt.
809 2064 1033 2119 Superiore
1066 2067 1254 2118 tempore
1284 2064 1340 2105 M.
1368 2063 1482 2118 Cato,
1514 2064 1625 2119 quod

288 2130 333 2170 in
363 2128 638 2170 Uticensibus
675 2131 850 2182 propter
886 2129 1137 2170 beneficium
1173 2128 1280 2183 legis
1314 2128 1446 2170 Iuliae
1476 2143 1624 2184 parum

289 2194 377 2235 suis
409 2194 602 2247 partibus
634 2193 832 2247 praesidii
864 2208 955 2235 esse
995 2192 1326 2246 existimaverat,
1364 2192 1530 2246 plebem
1566 2193 1625 2234 in-

291 2273 448 2299 ermem
480 2257 635 2312 oppido
668 2258 846 2299 eiecerat
877 2259 920 2298 et
945 2259 1041 2298 ante
1066 2259 1232 2310 portam
1257 2256 1452 2298 bellicam
1478 2257 1625 2298 castris
1665 2255 1669 2277 ⁴

290 2323 487 2377 fossaque
517 2322 694 2377 parvula
726 2322 944 2363 dumtaxat
980 2321 1220 2362 muniverat
1250 2321 1393 2375 ibique
1424 2321 1625 2363 custodiis
