1638 2600
571 117 630 152 VI.
667 116 730 150 DE
758 116 935 152 ASTRIS.
1344 118 1427 159 155

181 213 345 247 Macrob.
373 212 521 247 Saturn.
548 212 582 254 I,
608 214 670 253 14,
697 213 824 246 6—13.
874 211 997 246 Iulius
1033 211 1165 246 Caesar
1201 212 1315 246 decem
1353 213 1428 247 dies

85 260 326 296 observationi
362 260 470 294 veteri
506 270 613 303 super
643 258 791 300 adiecit,
822 262 863 293 ut
894 270 1033 293 annum
1064 259 1211 294 trecenti
1238 260 1429 304 seoeaqinta

85 308 244 353 quinque
269 307 356 349 dies,
382 307 512 351 quibus
536 307 588 341 sol
613 306 744 340 lustrat
769 306 975 349 zodiacum,
1000 306 1190 349 efficerent,
1215 311 1247 341 et
1270 317 1314 340 ne
1339 318 1426 351 qua-

85 356 199 390 drans
229 354 376 396 deesset,
412 354 558 396 statuit,
593 357 635 387 ut
665 356 795 397 quarto
827 363 963 397 quoque
994 364 1092 387 anno
1122 354 1330 396 sacerdotes,
1365 354 1428 398 qui

85 402 264 437 curabant
289 401 469 435 mensibus
494 413 536 435 ac
561 400 702 442 diebus,
733 411 848 433 unum
873 401 1130 435 intercalarent
1155 401 1266 443 diem,
1297 411 1335 435 eo
1360 401 1427 436 sci-

85 450 164 484 licet
189 459 304 484 mense
323 459 366 482 ac
387 449 471 489 loco,
497 459 566 493 quo
589 448 697 482 etiam
715 447 817 491 apud
835 451 964 481 veteres
983 449 1112 482 mensis
1131 448 1426 491 intercalabatur,

83 497 123 530 id
148 500 199 531 est
224 500 307 530 ante
332 496 488 540 quinque
512 495 657 530 ultimos
683 493 883 528 Februarii
907 495 1037 529 mensis
1063 495 1138 529 dies
1163 495 1270 540 idque
1295 496 1426 530 bissem-

82 548 159 578 twm
183 543 322 578 censuit
346 543 620 577 nominandum.
659 541 735 576 dies
760 545 875 576 autem
903 542 1030 583 decem,
1056 553 1142 586 quos
1162 543 1207 577 ab
1226 554 1264 577 eo
1284 543 1428 577 additos

82 591 262 632 dioeimus,
293 590 361 624 hac
392 590 622 624 ordinatione
646 588 841 623 distribuit.
892 589 932 623 in
957 589 1179 623 Ianuarium
1204 594 1236 624 et
1261 589 1429 624 Sextilem

82 642 116 672 et
145 637 372 672 Decembrem
412 637 513 671 binos
544 637 620 671 dies
650 636 820 678 inseruit,
858 636 898 669 in
929 637 1092 680 Aprilem
1127 640 1242 671 autem
1275 638 1428 671 Iunium

81 684 314 729 Septembrem
348 684 581 718 Norembrem
618 683 797 728 sinqulos,
834 683 896 718 sed
932 695 1044 728 neque
1078 684 1190 718 mensi
1222 684 1427 718 Februario

82 732 227 766 addidit
257 732 369 772 diem,
400 743 444 765 ne
469 732 573 765 deum
597 731 756 773 inferum
780 731 907 775 reliyio
931 731 1195 773 immutaretur,
1226 735 1259 765 et
1285 731 1426 766 ,Martio

84 779 191 813 Maio
220 778 378 823 Quintili
415 779 557 813 Octobri
593 778 746 812 servarit
779 778 978 821 pristinum
1015 782 1162 821 statum,
1202 779 1299 822 quod
1335 779 1426 813 satis

76 827 186 871 pleno
218 830 321 861 erant
352 837 516 867 numero,
548 826 587 859 id
619 829 668 860 est
698 825 838 859 dierum
868 825 1095 870 sinqulorum
1126 829 1423 870 trecenorumque.

80 874 160 908 ideo
194 878 226 908 et
257 873 477 917 septimanas
508 873 637 907 habent
662 872 809 914 Nonas,
840 872 933 907 sicut
958 872 1085 906 Numa
1110 872 1313 916 constituit,
1338 873 1426 917 quia

79 921 175 955 nihil
206 921 247 954 in
279 921 335 954 his
360 921 482 955 Iulius
513 920 683 954 mutavit:
719 920 779 953 sed
810 920 1014 954 Ianuarius
1046 919 1193 954 Seoetilis
1223 919 1426 962 December,

81 969 211 1012 quibus
239 967 372 1002 Caesar
405 968 506 1001 binos
537 968 612 1002 dies
638 966 799 1008 addidit,
831 967 911 1001 licet
935 967 1088 1001 tricenos
1112 967 1274 1012 sinqulos
1298 967 1426 1002 habere

75 1020 157 1060 post
184 1015 371 1049 Caesarem
397 1015 593 1058 coeperint,
618 1014 817 1058 quintanas
842 1018 961 1049 tamen
985 1014 1115 1049 habent
1139 1014 1289 1056 Nonas,
1320 1018 1353 1049 et
1378 1015 1424 1048 ab

78 1063 209 1097 Idibus
241 1062 316 1097 illis
347 1066 528 1106 sequentes
561 1061 753 1095 Kalendae
783 1062 824 1095 in
854 1062 1155 1096 undevicesimum
1186 1065 1425 1104 revertuntur,

78 1110 166 1154 quia
194 1110 344 1150 Caesar,
376 1120 462 1153 quos
494 1109 639 1143 addidit
669 1109 762 1150 dies,
794 1120 905 1152 neque
936 1113 1020 1143 ante
1044 1109 1176 1143 Nonas
1207 1120 1318 1153 neque
1343 1113 1426 1144 ante

78 1157 170 1191 Idus
194 1157 349 1191 inserere
374 1157 504 1198 voluit,
536 1167 580 1190 ne
604 1156 800 1190 Nonarum
827 1160 892 1190 aut
916 1156 1052 1190 Iduum
1077 1156 1301 1201 reliqionem,
1335 1167 1426 1200 quae

78 1208 171 1239 stato
203 1209 280 1238 erat
305 1204 380 1246 die,
411 1203 551 1238 novella
577 1203 951 1246 corriperendinatione
977 1207 1225 1247 corrumperet.
1276 1203 1337 1238 sed
1361 1214 1425 1238 nec

73 1256 156 1296 post
181 1251 274 1286 Idus
305 1261 388 1285 moa·
412 1251 526 1285 voluit
551 1251 722 1292 inserere,
753 1261 798 1284 ne
822 1250 1000 1293 feriarum
1026 1261 1248 1295 quarumque
1272 1250 1423 1285 violare-

77 1303 138 1333 tur
169 1299 337 1341 indietiO,
376 1298 436 1333 sed
466 1298 625 1341 peractis
657 1298 829 1341 cuiusque
860 1298 991 1332 mensis
1020 1298 1124 1340 feriis
1156 1297 1269 1332 locum
1301 1298 1426 1332 diebus

77 1346 227 1381 advenis
251 1346 345 1388 fecit.
396 1349 434 1380 et
465 1345 692 1378 Ianuario
724 1345 893 1388 quidem
927 1345 1038 1387 dies,
1076 1355 1181 1388 quos
1217 1345 1426 1387 dicimus,

76 1397 284 1438 quartum
342 1396 379 1426 et
434 1393 610 1427 tertium
663 1391 898 1426 Kalendas
948 1391 1227 1426 Februarias
1285 1392 1425 1434 dedit,

76 1440 236 1484 Aprili
272 1444 437 1474 sesctum
480 1439 712 1473 Kalendas
744 1439 915 1481 Maias,
953 1439 1088 1473 Iunio
1119 1439 1299 1474 tertium
1332 1439 1422 1473 Ka-

79 1487 236 1522 lendas
260 1487 428 1529 Iulias,
460 1487 662 1531 Auqusto
687 1490 894 1530 quartum
920 1491 958 1521 et
983 1487 1162 1521 tertium
1188 1486 1423 1521 Kalendas

77 1534 365 1578 Septembres,
385 1534 628 1578 Septembri
646 1534 825 1568 tertium
840 1533 1076 1568 Kalendas
1098 1533 1320 1576 Octobres,
1334 1534 1422 1568 No-

74 1582 243 1617 vembri
279 1582 455 1617 tertium
491 1581 721 1615 Kalendas
752 1581 1025 1623 Decembres,
1056 1581 1288 1616 Decembri
1324 1592 1423 1615 vero

76 1634 280 1674 quartum
307 1633 345 1664 et
370 1630 546 1664 tertium
575 1628 808 1662 Kalendas
833 1629 1093 1663 Ianuarias.
1132 1629 1185 1663 ita
1204 1628 1342 1671 factum
1361 1633 1422 1671 est,

74 1681 116 1712 ut
147 1688 227 1711 cum
259 1687 377 1711 omnes
401 1676 440 1710 hi
464 1687 615 1718 menses,
647 1676 778 1720 quibus
803 1676 879 1710 dies
904 1676 1066 1717 addidit,
1098 1680 1181 1710 ante
1206 1676 1301 1710 hanc
1326 1676 1422 1710 ordi-

77 1725 261 1759 nationem
297 1724 506 1758 habuissent
542 1724 673 1757 mensis
710 1724 887 1767 sequentis
922 1723 1112 1757 Kalendas
1150 1723 1199 1756 ad
1236 1723 1424 1766 septimum

77 1771 252 1806 decimum
282 1775 508 1813 revertentes,
537 1774 661 1814 postea
693 1781 736 1804 ea:
761 1774 950 1815 auqmento
977 1771 1184 1805 additarum.
1211 1770 1348 1804 dierum
1374 1770 1423 1812 hi,

79 1819 145 1863 qui
176 1819 266 1853 duos
297 1822 525 1862 acceperunt,
559 1818 608 1852 ad
631 1828 768 1851 nonum
796 1818 988 1859 decimum,
1019 1818 1083 1862 qui
1106 1827 1187 1851 iero
1211 1828 1340 1860 unum,
1374 1818 1423 1851 ad

77 1870 241 1901 octavum
285 1866 459 1900 decimum
502 1865 671 1899 haberent
712 1865 868 1900 reditum
912 1845 1177 1899 Kalendarum.
1243 1846 1422 1907 feridrum

78 1916 198 1948 tamen
224 1913 395 1957 cuiusque
420 1913 551 1947 mensis
576 1923 616 1947 or
619 1913 663 1947 do
688 1916 850 1946 seriatus
874 1916 932 1946 est.
972 1923 1059 1946 nam
1083 1912 1176 1947 sicut
1199 1912 1272 1954 fere
1297 1912 1423 1946 tertius

79 1961 124 1994 ab
157 1960 288 1996 Idibus
325 1961 402 1995 dies
431 1961 545 2003 festus
575 1964 641 1994 aut
671 1960 826 2002 feriatus
856 1960 931 2002 fuit
972 1964 1004 1994 et
1035 1963 1121 1994 tunc
1152 1971 1185 1993 a.
1218 1959 1251 1993 d.
1284 1963 1423 1993 seoetum

77 2008 252 2042 decimum
279 2008 475 2049 dicebatur,
501 2008 608 2042 etiam
628 2011 712 2051 post
737 2010 966 2052 auqmentum
992 2007 1132 2041 dierum
1157 2006 1277 2040 eadem
1296 2006 1422 2059 reliqio

78 2059 219 2090 servata
251 2059 318 2097 est,
348 2059 389 2089 ut
421 2055 523 2089 tertio
549 2055 594 2088 ab
620 2055 750 2088 Idibus
774 2054 832 2088 die
857 2054 1102 2096 celebraretur,
1134 2054 1214 2088 lieet
1238 2054 1284 2087 ab
1308 2054 1421 2087 incre-

79 2106 194 2137 mento
213 2113 285 2137 non
307 2102 380 2137 iam
400 2113 433 2136 a.
449 2102 481 2136 d.
497 2106 635 2136 sextum
655 2102 828 2136 decimum
843 2101 1034 2136 Kalendas
1052 2101 1113 2136 sed
1132 2113 1165 2135 a.
1181 2101 1213 2135 d
1234 2101 1422 2144 septimum

80 2149 272 2192 decimum,
297 2150 330 2184 si
355 2160 469 2191 unus,
495 2161 527 2183 a.
556 2149 589 2183 d.
618 2153 779 2183 octavum
806 2149 998 2191 decimum,
1029 2149 1061 2183 si
1086 2149 1157 2182 duo
1183 2152 1268 2182 sunt
1292 2148 1423 2189 additi,

80 2196 267 2231 diceretur
311 2208 397 2231 nam
423 2197 502 2231 ideo
527 2207 636 2231 novos
662 2197 737 2230 dies
763 2196 857 2230 circa
883 2196 989 2239 finem
1015 2196 1186 2239 cuiusque
1210 2195 1340 2229 mensis
1365 2195 1420 2228 in-

81 2244 206 2286 serui,t
224 2243 288 2277 ubi
305 2244 411 2287 finem
431 2244 602 2285 omnium,
622 2255 712 2288 quae
731 2244 772 2277 in
791 2254 907 2277 mense
926 2248 1039 2287 erant,
1058 2243 1216 2287 repperit
1233 2242 1422 2285 feriarum,

75 2291 363 2334 adiectosque
400 2302 543 2326 omnes
580 2302 604 2325 a
639 2302 680 2325 se
714 2291 807 2325 dies
843 2291 986 2333 fastos
1019 2272 1210 2332 notavit,
1240 2293 1282 2323 ut
1309 2289 1420 2324 maio-

78 2349 151 2372 rem
177 2338 280 2372 daret
304 2338 507 2373 actionibus
532 2338 745 2381 libertatem,
777 2342 808 2372 et
832 2348 907 2372 non
932 2338 1046 2372 solum
1070 2337 1211 2371 nullum
1240 2336 1421 2379 nefastum

80 2385 141 2420 sed
177 2396 241 2419 nec
278 2385 491 2420 comitialem
522 2396 732 2430 quemquam
762 2385 806 2419 de
837 2385 986 2420 adiectis
1017 2385 1141 2419 diebus
1171 2384 1345 2428 instituit,
1376 2395 1422 2418 ne

1138 2442 1206 2477 11*
