1669 2574
245 1558 264 1587 [Ο

298 98 353 139 30
653 97 848 132 BELLUM
874 97 1276 132 ALEXANDRINUW.

295 194 432 247 tabat,
477 194 549 248 qui
591 194 799 234 sustinere
843 193 1049 246 impetum
1087 191 1251 234 Octavii
1292 207 1376 234 non
1420 195 1628 247 poterant,

294 257 472 297 navibus
499 257 709 311 actuariis,
742 271 921 311 quarum
946 271 1146 297 numerus
1179 258 1268 297 erat
1299 256 1405 297 satis
1436 269 1628 310 magnus,

294 321 541 375 magnitudo
568 335 834 375 nequaquam
861 320 965 361 satis
991 320 1105 361 iusta
1137 321 1188 361 ad
1220 320 1531 374 proeliandum,
1563 335 1627 361 ro—

294 387 382 424 stra
412 384 626 438 imposuit.
677 383 756 425 His
779 384 989 425 adiunctis
1010 385 1188 426 navibus
1219 385 1365 439 longis
1386 387 1429 425 et
1452 399 1627 426 numero

295 448 440 490 classis
491 452 613 491 aucto
657 449 866 490 militibus
910 450 1121 490 veteranis
1164 449 1399 503 impositis,
1448 463 1628 503 quorum

293 527 490 567 magnam
522 514 686 568 copiam
723 514 907 555 habebat
938 528 989 554 ex
1025 514 1220 555 omnibus
1259 513 1517 568 legionibus,
1555 513 1628 567 qui
1668 562 1669 566 Ἰ

293 592 468 619 numero
507 592 727 633 aegrorum
765 578 903 619 relicti
941 581 1062 619 erant
1098 578 1333 633 Brundisii,
1378 593 1473 619 cum
1514 593 1626 619 exer·
1668 567 1669 580 ¹

294 641 402 683 citus
445 643 489 683 in
534 642 751 684 Graeciam
796 645 1174 698 transportaretur,
1219 644 1434 697 profectus
1478 646 1542 684 est
1585 643 1628 683 in

292 704 511 760 Illyricum
547 708 879 760 maritumasque
917 707 1143 748 nonnullas
1177 708 1388 762 civitates,
1424 716 1537 761 quae*
1562 707 1627 748 de-

293 770 478 812 fecerant
509 770 768 826 Octavioque
807 786 850 812 se
883 771 1161 826 tradiderant,
1198 773 1354 826 partim
1386 771 1628 826 recipiebat,

292 836 449 889 partim
468 839 732 877 remanentes
760 836 803 877 in
832 850 907 876 suo
929 836 1106 877 consilio
1130 836 1530 890 praetervehebatur
1552 850 1629 876 nec

294 900 374 941 sibi
400 900 528 941 ullius
554 901 614 942 rei
634 916 795 942 moram
817 900 1195 955 necessitatemque
1221 900 1481 955 iniungebat,
1514 901 1628 955 quin,

294 980 420 1019 quam
446 965 661 1006 celerrime
692 968 848 1019 posset,
880 965 1020 1018 ipsum
1041 963 1265 1006 Octavium
1293 967 1626 1019 persequeretur.

292 1028 418 1070 Hunc
461 1032 777 1084 oppugnantem
820 1028 1085 1083 Epidaurum
1136 1032 1248 1070 terra
1297 1029 1505 1083 marique,
1554 1030 1628 1070 ubi

292 1096 486 1134 nostrum
530 1097 619 1135 erat
662 1093 938 1148 praesidium,
983 1094 1165 1135 adventu
1204 1109 1280 1135 suo
1323 1094 1534 1135 discedere
1577 1094 1627 1135 ab

293 1158 608 1213 oppugnatione
640 1158 780 1213 coegit
810 1158 1153 1213 praesidiumque
1184 1161 1379 1199 nostrum
1411 1159 1580 1212 recepit.

380 1222 594 1264 XXXXV.
647 1221 847 1265 Octavius
887 1238 982 1264 cum
1014 1223 1236 1264 Vatinium
1269 1223 1444 1264 classem
1475 1237 1629 1277 magna

292 1304 343 1330 ex
380 1291 499 1342 parte
540 1288 774 1329 confectam
812 1303 863 1329 ex
900 1287 1109 1329 naviculis
1142 1288 1340 1329 actuariis
1376 1287 1530 1328 habere
1564 1302 1628 1328 co-

292 1355 477 1407 gnosset,
509 1353 691 1394 confisus
725 1367 801 1393 sua
832 1351 965 1393 classe
999 1353 1192 1393 substitit
1223 1352 1275 1393 ad
1306 1352 1489 1393 insulam
1521 1351 1627 1393 Tau-

291 1417 442 1471 ridem3
475 1432 557 1471 qua
586 1417 760 1471 regione
787 1416 988 1457 Vatinius
1021 1416 1247 1470 insequens
1273 1416 1511 1470 navigabat,
1543 1431 1628 1458 non

293 1497 375 1536 quo
403 1480 625 1523 Octavium
657 1482 717 1522 ibi
748 1482 958 1522 restitisse
992 1480 1138 1534 sciret,
1170 1480 1242 1520 sed
1275 1480 1388 1534 quod
1419 1494 1515 1521 eum
1538 1479 1627 1521 lon-

291 1546 387 1601 gius
435 1560 709 1600 progressum
759 1546 926 1600 insequi
978 1546 1227 1587 decreverat.
1298 1543 1403 1585 Cum
1452 1545 1628 1599 propius

291 1610 516 1651 Tauridem
548 1610 793 1652 accessisset
831 1610 1033 1664 dispersis
1072 1609 1160 1650 suis
1199 1609 1395 1663 navibus,
1436 1609 1550 1663 quod
1587 1612 1630 1651 et

292 1678 522 1729 tempestas
553 1677 643 1716 erat
674 1673 920 1715 turbulenta
952 1677 994 1716 et
1025 1674 1141 1714 nulla
1172 1674 1356 1727 suspicio
1387 1673 1536 1728 hostis,
1568 1688 1627 1715 re-

292 1742 416 1793 pente
455 1739 671 1780 adversam
710 1738 762 1779 ad
800 1753 843 1780 se
874 1739 1114 1780 venientem
1154 1754 1303 1780 navem
1336 1738 1544 1780 antemnis
1577 1739 1628 1779 ad

292 1803 477 1843 medium
514 1802 673 1843 malum
713 1797 1201 1845 demissis‘instructam
1238 1803 1628 1858 propugnatoribus

292 1867 479 1908 animum
512 1867 702 1908 advertit.
766 1866 887 1916 Quod
923 1868 997 1909 ubi
1037 1868 1274 1922 conspexit,
1313 1867 1504 1909 celeriter
1535 1867 1630 1908 vela

293 1932 471 1972 subduci
503 1931 753 1985 demittique
786 1935 1004 1973 antemnas
1044 1933 1171 1974 iussit
1208 1935 1249 1973 et
1285 1931 1443 1973 milites
1476 1932 1629 1973 armari

293 1998 335 2037 et
359 1995 514 2036 vexillo
547 1995 713 2036 sublato
747 1996 850 2050 [quo
883 1997 1099 2051 pugnandi
1127 1997 1253 2037 dabat
1284 1996 1490 2051 signum],
1523 2011 1628 2051 quae

292 2060 453 2114 primae
484 2074 611 2101 naves
644 2060 1023 2115 subsequebantur,
1055 2061 1165 2101 idem
1197 2063 1246 2101 ut
1273 2060 1470 2114 facerent,
1502 2061 1628 2115 signi-

292 2125 456 2166 ficabat.
501 2124 714 2165 Parabant
739 2139 782 2166 se
809 2124 1028 2166 Vatiniani
1054 2128 1225 2179 repente
1252 2124 1460 2178 oppressi3
1492 2124 1634 2178 parati

294 2189 489 2243 deinceps
529 2187 747 2230 Octaviani
787 2204 838 2230 ex
878 2192 1004 2243 portu
1044 2189 1337 2244 procedebant.
1399 2188 1629 2230 Instruitur

294 2255 508 2309 utrimque
540 2254 667 2308 acies,
700 2253 845 2295 ordine
878 2254 1083 2308 disposita
1114 2253 1250 2308 magis
1284 2251 1530 2308 Octaviana,
1561 2268 1628 2308 pa-

293 2320 425 2360 ratior
456 2319 642 2359 militum
675 2318 827 2359 animis
860 2317 1099 2359 Vatiniana.
