1669 2574
206 714 225 743 [ὓ

207 1036 226 1065 ἰιῦ

213 2002 232 2031 [Ο

253 93 310 134 20
605 92 801 126 BELLUM
826 91 1226 126 ALEXANDRINUM.

251 189 376 230 nibus
408 188 600 242 partibus
632 187 838 241 subiecta3
870 186 1007 227 tribus
1035 189 1174 227 autem
1201 201 1252 227 ex
1283 186 1485 227 lateribus
1517 200 1584 227 va—

252 253 304 293 rii
343 252 507 307 generis
545 251 854 291 munitionibus
886 250 1128 305 tegebatur:
1172 266 1302 292 unum
1344 251 1455 291 latus
1496 253 1585 291 erat

251 316 460 357 adiectum
499 314 665 355 flumini
704 313 825 368 Nilo,
869 314 1049 355 alterum
1088 315 1321 356 editissimo
1358 315 1451 355 loco
1490 315 1585 355 duc-

251 383 360 434 tum,
398 383 445 420 ut
484 381 647 432 partem
686 381 920 420 castrorum
959 378 1186 434 obtineret,
1224 380 1397 421 tertium
1433 379 1585 433 palude

252 444 512 498 cingebatur.

339 506 560 548 XXVIIII.
611 506 727 549 Inter
759 510 896 548 castra
928 510 969 548 et
1002 506 1190 550 Caesaris
1228 510 1308 550 iter
1338 509 1495 549 flumen
1526 507 1585 548 in-

252 572 490 613 tercedebat
528 575 757 626 angustum
795 571 1013 613 altissimis
1053 573 1174 627 ripis,
1213 573 1326 627 quod
1363 572 1407 613 in
1436 571 1586 613 Nilum

253 636 466 689 influebat,
499 636 643 677 aberat
675 638 815 676 autem
841 636 891 676 ab
924 637 1036 690 regis
1063 637 1211 678 castris
1243 637 1361 678 milia
1385 651 1586 691 passuum

254 700 420 741 circiter
457 712 532 740 VII.
595 700 687 741 Rex
734 715 828 740 cum
872 700 951 741 hoc
995 701 1144 742 itinere
1185 702 1326 742 venire
1368 700 1586 742 Caesarem

253 764 544 818 comperisset,
583 765 820 818 equitatum
859 779 1025 806 omnem
1064 765 1365 819 expeditosque
1403 765 1586 806 delectos

252 829 413 882 pedites
458 829 509 869 ad
553 829 596 869 id
641 829 799 869 flumen
843 829 979 882 misit,
1025 829 1097 883 qui
1140 830 1323 871 transitu
1367 828 1587 870 Caesarem

251 893 526 947 prohiberent
569 896 610 934 et
651 893 815 934 eminus
856 909 907 934 ex
943 894 1047 947 ripis
1092 893 1300 948 proelium
1337 895 1474 948 impar
1511 894 1587 934 ini-

252 961 363 999 rent:
394 958 559 998 nullum
585 958 696 998 enim
729 972 973 1010 processum
998 958 1134 999 virtus
1165 958 1348 999 habebat
1379 961 1451 1000 aut
1482 959 1586 1012 peri-

254 1022 395 1062 culum
428 1022 597 1076 ignavia
628 1021 809 1062 subibat.
873 1021 987 1070 Quae
1019 1037 1085 1063 res
1122 1023 1308 1064 incendit
1340 1022 1481 1064 dolore
1512 1023 1587 1063 mi—

252 1086 349 1127 lites
387 1087 634 1140 equitesque
680 1088 867 1140 nostros‚
912 1087 1025 1140 quod
1065 1090 1152 1128 tam
1191 1087 1262 1128 diu
1299 1087 1391 1141 pari
1427 1087 1587 1141 proelio

254 1165 348 1192 cum
386 1150 686 1192 Alexandrinis
731 1152 950 1191 certarent.
1019 1149 1168 1205 Itaque
1212 1151 1357 1192 eodem
1400 1153 1588 1205 tempore

255 1215 418 1269 equites
446 1214 644 1256 Germani
677 1214 855 1268 dispersi
881 1215 987 1255 vada
1012 1215 1199 1256 fluminis
1226 1218 1472 1270 quaerentes
1497 1230 1588 1269 par-

254 1279 332 1320 tim
359 1279 677 1320 demissioribus
703 1279 807 1332 ripis
841 1279 999 1320 flumen
1031 1282 1263 1330 tranarunt‚
1296 1282 1337 1320 et
1368 1279 1589 1334 legionarii

254 1344 420 1398 magnis
459 1344 680 1384 arboribus
712 1343 885 1397 excisis⁷
926 1358 1031 1397 quae
1069 1343 1335 1399 longitudine
1367 1346 1589 1398 utramque

255 1409 391 1462 ripam
424 1408 735 1462 contingerent,
772 1407 972 1461 proiectis
1011 1409 1065 1449 iis
1101 1408 1405 1462 repentinoque
1437 1422 1589 1463 aggere

256 1474 409 1514 iniecto
453 1473 609 1513 flumen
654 1472 925 1513 transierunt.
1002 1471 1191 1521 Quorum
1240 1473 1445 1525 impetum
1488 1473 1589 1513 adeo

256 1539 569 1592 pertimuerunt
606 1536 770 1590 hostes,
814 1538 862 1577 ut
899 1536 943 1576 in
980 1536 1082 1591 fuga
1122 1550 1239 1590 spem
1277 1536 1425 1577 salutis
1467 1537 1589 1578 collo-

257 1604 415 1655 carent3
454 1600 527 1641 sed
566 1601 609 1641 id
645 1601 821 1641 frustra:
868 1616 1049 1655 namque
1088 1615 1139 1641 ex
1170 1616 1218 1642 ea
1254 1601 1356 1655 fuga
1386 1603 1508 1655 pauci
1540 1602 1591 1643 ad

256 1680 397 1721 regem
431 1666 677 1720 refugerunt
716 1679 846 1719 paene
880 1665 997 1706 omni
1034 1665 1197 1719 reliqua
1228 1665 1500 1706 multitudine
1531 1665 1590 1706 in-

258 1731 443 1771 terfecta.
931 1773 933 1775 ,

346 1794 477 1835 XXX.
529 1793 681 1835 Caesar
706 1809 750 1835 re
777 1794 1112 1848 praeclarissime
1139 1795 1258 1849 gesta
1283 1808 1378 1834 cum
1404 1793 1592 1834 subitum

259 1860 485 1900 adventum
525 1873 648 1898 suum
690 1859 897 1900 iudicaret
933 1872 1135 1913 magnum
1172 1860 1377 1898 terrorem
1413 1856 1592 1898 Alexan-

260 1924 390 1965 drinis
423 1923 689 1976 iniecturum,
720 1923 915 1976 protinus
941 1923 1077 1964 victor
1108 1921 1160 1962 ad
1192 1924 1328 1963 castra
1359 1921 1471 1976 regis
1503 1936 1592 1975 per-

260 1988 405 2029 tendit.
467 1986 584 2027 Haec
616 2001 710 2027 cum
743 1989 785 2027 et
817 2002 941 2041 opere
973 2000 1127 2040 magno
1152 1986 1309 2027 vallata
1340 1988 1382 2026 et
1411 1985 1494 2026 loci
1525 2001 1592 2026 na-

261 2056 356 2093 tura
392 2052 555 2092 munita
593 2051 948 2092 animadverteret
985 2050 1299 2103 confertamque
1337 2051 1593 2090 armatorum

260 2116 579 2157 multitudinem
607 2114 855 2155 collocatam
881 2115 924 2155 in
943 2114 1053 2155 vallo
1080 2114 1252 2167 videret,
1284 2113 1418 2154 lassos
1444 2113 1594 2155 itinere¹

262 2196 308 2222 ac
347 2179 590 2234 proeliando
622 2178 779 2220 milites
812 2179 864 2220 ad
896 2178 1177 2233 oppugnanda
1209 2180 1344 2218 castra
1376 2178 1595 2219 succedere

264 2246 411 2287 noluit.
474 2243 622 2298 Itaque
654 2258 737 2285 non
772 2257 925 2297 magno
958 2242 1179 2283 intervallo
1211 2242 1357 2283 relicto
1391 2242 1441 2283 ab
1473 2242 1595 2284 hoste

219 2322 237 2350 3
266 2313 401 2351 castra
426 2309 580 2363 posuit.
630 2307 804 2349 Postero
832 2307 898 2348 die
924 2307 1155 2361 castellum,
1187 2306 1299 2360 quod
1330 2321 1404 2348 rex
1435 2307 1479 2347 in
1502 2321 1594 2361 pro-
