1638 2600
15 2243 20 2281 '¹
45 2267 156 2310 intra
179 2269 437 2310 munitiones
463 2268 710 2322 reciperent.
759 2266 848 2308 Alii
875 2280 1042 2321 quoque
1069 2263 1276 2319 equitatui
1297 2263 1378 2305 edi-
1405 2275 1426 2304 3

46 2331 119 2388 cit,
158 2334 224 2374 uti
255 2347 331 2375 suo
365 2333 542 2387 quisque
573 2332 667 2373 loco
705 2334 877 2386 paratus
910 2332 1180 2384 armatusque
1210 2330 1379 2382 praesto

121 2407 151 2434 o.
170 2407 308 2434 muns
328 2406 491 2433 CAESAR.
530 2407 587 2432 m.
1151 2401 1170 2430 5

466 106 565 142 CAP.
592 106 900 142 XXVss-XXXI.
1309 106 1364 146 65

37 202 147 245 niani
181 216 276 243 cum
309 201 498 243 Caesaris
531 202 745 257 equitibus
782 202 864 244 fide
896 203 994 244 data
1024 202 1134 244 inter
1165 216 1209 243 se
1241 200 1365 243 collo-

35 267 282 323 quebantur.
326 265 537 308 Labienus
569 267 739 308 interim
771 281 866 308 cum
897 269 1016 321 parte
1048 266 1261 320 equitatus
1291 264 1365 306 Le·
1392 276 1412 306 2

36 331 140 387 ptim
167 330 381 385 oppidum,
414 331 481 372 cui
506 334 698 385 praeerat
717 329 896 373 Saserna
922 345 1017 372 curn
1043 330 1288 373 cohortibus
1308 341 1367 384 VI,

35 408 277 451 oppugnare
310 409 357 437 ac
381 395 424 436 vi
455 395 695 450 inrumpere
727 395 975 451 conabatur3
1008 395 1121 450 quod
1146 395 1197 436 ab
1230 393 1367 436 defen-

34 459 200 502 soribus
237 462 412 514 propter
448 460 662 514 egregiam
699 460 979 502 munitionem
1011 460 1156 514 oppidi
1187 462 1230 501 et
1262 457 1368 500 mul-

35 523 260 567 titudinem
296 526 607 565 tormentorum
643 523 765 566 facile
803 526 846 566 et
883 524 973 566 sine
1010 524 1198 579 periculo
1232 523 1369 565 defen-

35 588 222 632 debatur.
283 587 406 638 Quod
439 588 513 630 ubi
545 589 712 643 saepius
744 589 833 631 eius
865 589 1079 643 equitatus
1116 589 1253 630 facere
1283 602 1369 629 non
1394 597 1415 628 3

35 653 362 707 intermittebat,
413 668 509 695 cum
552 654 663 696 forte
706 657 803 695 ante
845 655 1013 708 portam
1056 656 1198 694 turma
1242 652 1371 693 densa

35 717 280 772 adstitisset,
306 718 527 771 scorpione
554 718 790 760 accuratius
815 717 945 759 misso
972 720 1099 771 atque
1125 731 1272 759 eorum
1304 716 1369 757 de-

35 782 205 825 curione
235 791 434 837 percusso
462 785 504 824 et
530 783 583 824 ad
609 797 764 838 equum
790 782 939 836 defixo,
969 781 1124 836 reliqui
1154 780 1370 836 perterriti

34 846 136 902 fuga
175 860 220 888 se
259 846 304 888 in
344 849 483 888 castra
522 847 743 902 recipiunt.
804 845 896 896 Quo
936 845 1049 888 facto
1085 848 1235 900 postea
1271 847 1372 886 sunt

36 911 227 954 deterriti
259 911 463 966 oppidum
494 914 713 966 temptare.

122 974 253 1017 XXX.
297 974 438 1030 Scipio
470 976 641 1018 interim
671 976 759 1018 fere
790 974 944 1018 cotidie
970 989 1058 1016 non
1081 973 1208 1030 longe
1234 988 1259 1015 a
1282 973 1371 1015 suis
1399 984 1416 1014 1

36 1040 197 1094 castris,
227 1040 424 1095 passibus
452 1051 547 1096 CCC,
579 1042 789 1083 instruere
821 1038 953 1080 aciem
985 1052 1033 1080 ac
1061 1038 1222 1080 maiore
1252 1039 1372 1092 parte

37 1105 120 1147 diei
159 1107 411 1158 consumpta
450 1119 598 1147 rursus
638 1105 683 1146 in
723 1107 860 1147 castra
899 1117 944 1145 se
983 1102 1180 1157 recipere.
1251 1100 1373 1151 Quod
1398 1114 1418 1143 2

37 1183 132 1212 cum
158 1169 327 1223 saepius
352 1169 484 1224 fieret,
515 1184 652 1224 neque
678 1184 730 1211 ex
755 1167 946 1211 Caesaris
972 1167 1122 1209 castris
1149 1167 1373 1222 quisquam

36 1234 224 1290 prodiret
255 1248 391 1288 neque
422 1234 598 1288 propius
630 1234 722 1276 eius
747 1233 890 1288 copias
921 1231 1147 1286 accederet,
1179 1231 1375 1285 despecta

37 1299 243 1355 patientia
280 1297 470 1340 Caesaris
510 1299 804 1353 exercitusque
841 1297 948 1350 eius,
987 1294 1129 1350 [Iuba]
1164 1295 1374 1337 universis

38 1363 170 1419 copiis
200 1362 418 1417 productis
445 1362 763 1417 elephantisque
789 1360 956 1403 turritis
986 1371 1083 1401 XXX
1114 1362 1211 1402 ante
1243 1360 1374 1401 aciem

39 1427 269 1482 instructiS,
302 1442 428 1482 quam
453 1426 663 1468 latissime
688 1427 840 1482 potuit,
870 1427 1066 1480 porrecta
1090 1424 1282 1479 equitum
1306 1439 1374 1478 pe-

40 1492 258 1547 ditumque
299 1491 574 1533 multitudine
616 1506 701 1533 uno
739 1494 931 1545 tempore
974 1502 1226 1544 progressus
1261 1488 1376 1530 haud

40 1557 99 1600 ita
127 1556 254 1611 longe
285 1571 310 1598 a
341 1555 530 1598 Caesaris
562 1556 712 1598 castris
744 1554 938 1597 constitit
969 1554 1013 1596 in
1045 1568 1205 1608 campo.

124 1619 279 1662 XXXI.
321 1620 485 1670 Quibus
516 1620 643 1662 rebus
669 1620 854 1676 cognitis
881 1617 1033 1660 Caesar
1063 1618 1182 1660 iubet
1206 1617 1377 1672 milites,
1404 1630 1421 1660 1

41 1686 113 1742 qui
155 1688 275 1727 extra
316 1685 576 1726 munitiones
619 1686 914 1740 processerant
952 1683 1183 1738 pabulandi
1220 1685 1294 1724 aut
1329 1682 1376 1723 li-

42 1751 196 1808 gnandi
227 1753 300 1793 aut
331 1750 459 1792 etiam
490 1750 709 1791 muniendi
747 1749 885 1805 gratia
926 1748 1083 1803 quique
1119 1746 1278 1789 vallum
1308 1761 1377 1801 pe-

42 1816 195 1858 tierant
226 1829 415 1871 quaeque
447 1814 500 1856 ad
532 1830 624 1856 eam
655 1829 745 1856 rem
777 1829 883 1869 opus
915 1816 1052 1868 erant,
1089 1827 1236 1854 omnes
1267 1812 1379 1853 intra

42 1881 296 1923 munitiones
338 1879 586 1921 minutatim
627 1879 903 1933 modesteque
946 1878 1036 1920 sine
1076 1876 1265 1918 tumultu
1305 1880 1379 1918 aut

42 1947 199 1988 terrore
236 1960 281 1987 se
317 1945 503 2000 recipere
541 1947 667 1999 atque
705 1943 749 1985 in
784 1958 909 1998 opere
947 1942 1189 1984 consistere.
1248 1941 1378 1996 Equi—
1404 1953 1424 1983 2

44 2009 156 2052 tibus
187 2013 341 2064 autem,
374 2010 446 2065 qui
478 2010 523 2051 in
555 2009 738 2050 statione
769 2007 955 2062 fuerant,
985 2006 1203 2061 praecipit,
1234 2008 1283 2046 ut
1313 2020 1378 2046 us-

45 2089 124 2130 que
154 2089 202 2117 eo
233 2075 374 2117 locum
406 2074 660 2128 optinerent,
691 2073 735 2114 in
768 2086 851 2127 quo
882 2071 1009 2126 paulo
1043 2073 1139 2112 ante
1168 2070 1379 2112 constitis-

15 2146 19 2173 ;
45 2142 153 2194 sent,
184 2139 315 2181 donec
346 2139 398 2181 ab
429 2138 553 2180 hoste
584 2137 719 2179 telum
750 2137 929 2178 missum
961 2136 1014 2177 ad
1045 2150 1088 2177 se
1122 2134 1380 2189 perveniret;

46 2203 157 2259 quod
199 2204 236 2246 si
278 2204 455 2259 propius
499 2202 784 2255 accederetur,
827 2215 955 2256 quam
997 2198 1296 2242 honestissime
1336 2213 1380 2240 se
