1669 2574
249 540 269 569 01

294 112 348 152 32
649 111 845 145 BELLUM
870 111 1270 146 ALEXANDRINUM.

294 207 489 248 credebat
515 205 748 247 Octavium.
780 206 887 246 Erat
918 206 961 247 in
987 221 1036 247 ea
1068 208 1381 249 nobilissimum
1407 207 1629 261 regionum

295 285 438 312 earum
471 271 674 324 oppidum
706 270 1183 325 coniunctissimumque
1216 270 1404 312 Octavio.
1457 270 1550 320 Quo
1580 274 1630 312 ut

294 336 427 389 venit,
460 335 660 389 oppidani
692 335 901 389 supplices
934 349 977 375 se
1010 334 1182 377 Vatinio
1216 335 1481 389 dediderunt,
1519 349 1628 376 com·

294 400 488 454 peritque
538 399 677 453 ipsum
721 398 944 440 Octavium
986 399 1128 453 parvis
1171 400 1400 454 paucisque
1447 399 1629 455 navigiis

294 466 420 504 vento
453 463 634 504 secundo
672 464 887 518 regionem
915 462 1112 504 Graeciae
1143 464 1318 518 petisse,
1360 464 1456 505 inde
1487 466 1536 504 ut
1567 462 1629 504 Si·

297 527 455 581 ciliam,
500 527 647 569 deinde
685 526 873 569 Africam
912 531 1089 581 caperet.
1151 527 1217 570 Ita
1253 529 1372 570 brevi
1410 528 1546 582 spatio
1584 543 1628 569 re

295 591 628 645 praeclarissime
679 595 798 647 gesta
846 592 1064 646 provincia
1108 596 1275 647 recepta
1319 596 1360 634 et
1404 591 1628 634 Cornificio

296 656 470 710 reddita,
503 656 634 698 classe
667 657 1002 698 adversariorum
1028 671 1079 698 ex
1110 657 1183 699 illo
1210 660 1301 699 toto
1334 657 1429 698 sinu
1455 656 1630 710 expulsa

296 721 432 762 victor
450 736 495 763 se
514 721 789 762 Brundisium
813 721 1015 762 incolumi
1034 722 1220 763 exercitu
1241 725 1282 763 et
1302 722 1433 763 classe
1459 721 1627 775 recepit.

383 785 664 827 XXXXVIII.
720 785 779 827 Iis
812 789 954 827 autem
986 786 1259 840 temporibus,
1292 787 1445 840 quibus
1478 785 1630 826 Caesar

297 850 349 891 ad
381 849 664 905 Dyrrachium
698 850 947 905 Pompeium
981 850 1199 892 obsidebat
1238 852 1279 891 et
1315 850 1629 904 Palaepharsali

296 930 384 956 rem
434 915 614 956 feliciter
663 915 836 969 gerebat
882 914 1245 969 Alexandriaeque
1295 929 1390 956 cum
1440 914 1627 968 periculo

296 993 463 1034 magno,
495 983 585 1020 tum
619 979 745 1020 etiam
776 980 935 1021 maiore
965 979 1144 1033 periculi
1174 980 1288 1020 fama
1313 980 1550 1034 dimicabat,
1581 979 1629 1028 Q.

297 1043 468 1085 Cassius
494 1043 725 1098 Longinus,
756 1044 799 1085 in
825 1043 1033 1098 Hispania
1057 1059 1133 1098 pro
1165 1047 1358 1099 praetore
1388 1044 1629 1099 provinciae

297 1108 512 1150 ulterioris
545 1108 795 1150 obtinendae
828 1123 953 1150 causa
984 1108 1176 1163 relictus,
1208 1108 1295 1150 sive
1328 1108 1628 1150 consuetudine

297 1176 471 1214 naturae
503 1188 603 1214 suae
635 1173 722 1214 sive
749 1173 857 1227 odio,
889 1174 1001 1228 quod
1033 1174 1075 1214 in
1107 1173 1224 1214 illam
1254 1173 1515 1228 provinciam
1541 1187 1628 1214 sus-

297 1241 465 1292 ceperat
509 1240 707 1292 quaestor
749 1252 800 1279 ex
843 1238 1008 1278 insidiis
1050 1239 1109 1279 ibi
1149 1238 1411 1292 vulneratus,
1454 1251 1628 1293 magnas

298 1303 383 1343 odii
422 1302 487 1343 sui
523 1302 680 1343 fecerat
717 1303 994 1356 accessiones,
1032 1303 1144 1357 quod
1180 1302 1248 1343 vel
1285 1317 1336 1343 ex
1373 1302 1630 1343 conscientia

296 1382 384 1420 sua,
417 1381 512 1408 cum
539 1367 588 1406 de
614 1381 658 1407 se
683 1369 831 1408 mutuo
858 1367 1014 1408 sentire
1044 1367 1306 1421 provinciam
1333 1367 1531 1421 crederet,
1562 1367 1629 1408 vel

297 1431 443 1472 multis
476 1432 610 1486 signis
637 1434 678 1472 et
703 1431 959 1472 testimoniis
985 1446 1142 1485 eorum,
1174 1431 1247 1485 qui
1280 1431 1508 1472 difficulter
1534 1431 1629 1472 odia

298 1495 578 1549 dissimulant,
610 1495 797 1536 animum
829 1496 1043 1537 advertere
1074 1498 1253 1550 poterat,
1285 1498 1327 1537 et
1358 1510 1628 1549 compensare

298 1560 573 1602 offensionem
604 1560 845 1613 provinciae
877 1560 1086 1601 exercitus
1119 1575 1260 1601 amore
1293 1560 1497 1614 cupiebat.
1546 1559 1627 1601 Ita-

298 1641 378 1680 que
410 1640 505 1666 cum
536 1625 721 1679 primum
752 1625 796 1665 in
827 1639 958 1665 unum
994 1625 1134 1666 locum
1160 1625 1389 1666 exercitum
1416 1625 1628 1679 conduxit,

297 1690 514 1732 sestertios
547 1691 743 1730 centenos
775 1690 982 1731 militibus
1015 1692 1079 1731 est
1114 1689 1349 1744 pollicitus,
1386 1703 1462 1730 nec
1492 1690 1626 1730 multo

295 1757 393 1809 post
413 1769 508 1795 cum
529 1754 572 1794 in
591 1753 812 1794 Lusitania
825 1753 1116 1809 Medobrigam
1137 1754 1338 1809 oppidum
1357 1756 1627 1808 montemque

296 1819 566 1860 Herminium
581 1822 876 1873 expugnasset,
888 1834 970 1873 quo
985 1818 1328 1873 Medobrigenses
1341 1818 1628 1873 confugerant,

297 1884 440 1937 ibique
486 1883 714 1936 imperator
758 1886 868 1924 esset
912 1883 1148 1938 appellatus
1192 1882 1397 1924 sestertiis
1442 1883 1626 1924 centenis

297 1948 454 1988 milites
496 1947 678 1987 donavit.
740 1946 877 1988 Multa
912 1951 1128 2002 praeterea
1170 1950 1211 1989 et
1251 1961 1404 2002 magna
1441 1948 1629 2002 praemia

299 2011 479 2066 singulis
518 2010 788 2065 concedebat,
833 2027 937 2066 quae
976 2013 1211 2066 speciosum
1249 2012 1479 2053 reddebant
1511 2027 1626 2066 prae-

299 2079 459 2118 sentem
498 2076 706 2116 exercitus
739 2091 942 2131 amorem,
979 2076 1183 2130 paulatim
1215 2079 1355 2117 tamen
1387 2078 1429 2117 et
1466 2076 1626 2117 occulte

298 2140 525 2181 militarem
557 2140 821 2194 disciplinam
854 2141 1205 2194 severitatemque
1236 2140 1494 2181 minuebant.

384 2203 685 2246 XXXXVIIII.
719 2204 886 2245 Cassius
912 2205 1150 2259 legionibus
1176 2205 1219 2245 in
1250 2204 1427 2245 hiberna
1453 2205 1625 2258 disposi-

297 2271 352 2312 tis
386 2270 436 2310 ad
468 2270 533 2310 ius
566 2269 786 2310 dicendum
813 2269 1051 2310 Cordubam
1084 2284 1127 2310 se
1159 2269 1317 2323 recepit
1349 2272 1625 2310 contractum-

299 2349 378 2387 que
411 2335 454 2374 in
481 2349 528 2375 ea
554 2349 622 2375 aes
653 2334 835 2375 alienum
868 2334 1131 2390 gravissimis
1158 2334 1354 2375 oneribus
1386 2333 1625 2388 provinciae

1635 2412 1641 2469 Ι
