1669 2574
245 1686 265 1716 cx

246 1945 262 1974 1

246 2203 265 2231 2

292 101 348 141 62
735 98 932 133 BELLUM
956 97 1179 132 AFRICUM.

292 196 426 237 coacti
445 195 632 236 veterani
651 194 810 234 milites
836 193 1095 247 equitesque,
1121 193 1194 247 qui
1213 193 1348 234 multa
1366 196 1479 234 terra
1502 193 1626 234 mari-

293 274 373 313 que
404 259 516 300 bella
541 258 822 299 confecissent
847 260 889 299 et
919 257 1119 311 periculis
1151 258 1376 312 inopiaque
1400 257 1478 298 tali
1502 272 1626 311 saepe

293 327 432 365 essent
465 322 715 376 conflictati,
754 322 850 376 alga
881 337 902 363 e
934 322 1059 363 litore
1091 322 1268 364 collecta
1299 324 1341 364 et
1375 336 1483 376 aqua
1514 321 1626 363 dulci

293 388 405 428 elota
442 390 484 429 et
521 387 582 428 ita
618 386 819 428 iumentis
858 386 1141 427 esurientibus
1179 386 1276 427 data
1311 386 1444 427 vitam
1480 400 1625 427 eorum

292 451 592 505 producebant.

379 515 511 556 XXV.
573 515 687 556 Dum
730 515 833 557 haec
873 515 934 556 ita
972 514 1141 568 fierent,
1182 529 1256 556 rex
1297 513 1405 555 Iuba
1443 514 1627 569 cognitis

293 579 483 621 Caesaris
521 580 846 621 difficultatibus
885 579 1186 633 copiarumque
1221 578 1434 633 paucitate
1458 603 1516 607 —
1540 593 1628 620 non

293 646 357 684 est
387 643 526 685 visum
558 643 656 684 dare
687 644 873 698 spatium
905 643 1222 684 convalescendi
1257 642 1629 698 augendarumque

293 708 382 749 eius
421 722 566 762 opum:
611 708 755 762 itaque
793 708 1046 762 comparatis
1084 708 1274 762 equitum
1310 707 1477 762 magnis
1513 708 1628 761 pedi·

293 774 468 825 tumque
513 772 646 826 copiis
690 772 880 814 subsidio
924 772 1050 814 sociis
1094 785 1288 826 egressus
1326 786 1347 813 e
1389 785 1520 826 regno
1565 772 1628 813 ire

294 836 521 877 contendit.
570 836 616 877 P.
638 835 790 878 Sittius
817 837 987 878 interim
1014 839 1056 878 et
1080 851 1155 878 rex
1172 835 1365 877 Bocchus
1391 836 1628 877 coniunctis

292 902 380 942 suis
418 902 550 956 copiis
590 901 761 956 cognito
799 903 911 956 regis
949 901 1077 943 Iubae
1116 915 1287 955 egressu
1323 900 1498 954 propius
1535 901 1627 942 eius

290 980 469 1020 regnum
510 966 652 1020 copias
694 980 791 1006 suas
835 966 1072 1020 admovere,
1118 964 1380 1019 Cirtamque,
1423 965 1626 1019 oppidum

292 1030 663 1084 opulentissimum
695 1030 785 1072 eius
817 1031 955 1085 regni,
996 1031 1168 1072 adortus
1198 1030 1343 1084 paucis
1374 1029 1522 1071 diebus
1551 1044 1626 1084 pu·

292 1095 458 1149 gnando
503 1095 617 1149 capit
664 1097 706 1136 et
753 1098 971 1149 praeterea
1013 1095 1095 1137 duo
1140 1095 1296 1149 oppida
1340 1093 1625 1136 Gaetulorum.

294 1159 456 1208 Quibus
487 1174 583 1201 cum
616 1159 905 1201 condicionem
936 1160 1078 1214 ferret,
1112 1162 1162 1201 ut
1193 1159 1348 1214 oppido
1379 1160 1627 1201 excederent

292 1224 417 1279 idque
449 1224 531 1265 sibi
556 1239 736 1265 vacuum
761 1224 987 1278 traderent,
1018 1224 1390 1278 condicionemque
1414 1223 1626 1278 repudias-

292 1292 406 1342 sent,
449 1291 598 1343 postea
641 1288 693 1329 ab
737 1302 785 1329 eo
830 1288 943 1342 capti
986 1288 1283 1343 interfectique
1326 1291 1426 1329 sunt
1469 1302 1625 1329 omnes.

291 1352 394 1395 Inde
431 1367 681 1408 progressus
720 1366 844 1407 agros
877 1353 1116 1406 oppidaque
1146 1367 1298 1394 vexare
1334 1367 1419 1394 non
1450 1352 1625 1393 destitit.

293 1416 454 1466 Quibus
492 1418 618 1459 rebus
656 1416 838 1472 cognitis
876 1416 983 1458 Iuba
1024 1431 1118 1458 cum
1162 1417 1246 1458 iam
1288 1431 1374 1458 non
1415 1416 1542 1472 longe
1573 1417 1631 1458 ab·

293 1481 488 1536 Scipione
527 1485 653 1536 atque
685 1482 775 1523 eius
816 1482 993 1523 ducibus
1031 1481 1213 1535 abesset,
1253 1482 1366 1536 capit
1402 1481 1626 1523 consilium

292 1547 425 1588 satius
451 1561 541 1588 esse
568 1547 649 1587 sibi
681 1561 842 1600 suoque
874 1560 1005 1601 regno
1038 1545 1226 1587 subsidio
1258 1546 1336 1600 ire,
1369 1560 1495 1600 quam
1526 1547 1627 1588 dum

292 1611 397 1653 alios
435 1611 656 1652 adiuturus
694 1611 1050 1666 proficisceretur,
1087 1610 1177 1665 ipse
1209 1625 1285 1652 suo
1322 1624 1452 1666 regno
1484 1611 1626 1665 expul-

292 1691 363 1717 sus
405 1675 585 1717 forsitan
627 1678 809 1729 utraque
852 1690 897 1717 re
942 1674 1232 1729 expelleretur.
1292 1673 1441 1729 Itaque
1480 1690 1627 1717 rursus

291 1740 474 1794 recipere
513 1743 639 1794 atque
678 1740 836 1781 auxilia
867 1740 995 1782 etiam
1027 1740 1078 1780 ab
1112 1739 1309 1794 Scipione
1341 1739 1517 1781 abduxit
1544 1739 1627 1781 sibi

291 1805 462 1858 suisque
499 1805 626 1846 rebus
664 1804 819 1846 timens
857 1804 1178 1859 elephantisque
1214 1815 1311 1844 XXX
1342 1803 1501 1845 relictis
1537 1804 1645 1846 suis‘

290 1869 447 1910 finibus
481 1869 732 1923 oppidisque
764 1870 981 1923 suppetias
1013 1869 1228 1923 profectus
1261 1871 1334 1909 est.

378 1933 533 1975 XXVI.
585 1932 737 1974 Caesar
768 1934 950 1987 interim,
983 1948 1079 1974 cum
1111 1933 1161 1974 de
1192 1948 1269 1974 suo
1296 1933 1477 1974 adventu
1509 1933 1627 1975 dubi-

292 1998 397 2039 tatio
418 1998 462 2038 in
488 1998 706 2052 provincia
726 2001 837 2039 esset
863 2012 998 2051 neque
1019 1997 1243 2051 quisquam
1266 1997 1450 2039 crederet
1475 1997 1656 2053 ipsum,

291 2063 363 2104 sed
400 2062 581 2116 aliquem
619 2062 807 2117 legatum
846 2062 889 2103 in
926 2061 1114 2103 Africam
1153 2076 1247 2102 cum
1287 2062 1419 2116 copiis
1450 2062 1631 2117 venisse,

292 2126 541 2180 conscriptis
580 2126 735 2168 litteris
769 2126 925 2167 circum
963 2126 1224 2180 provinciam
1257 2140 1402 2167 omnes
1433 2126 1638 2209 civitates*

291 2190 394 2231 facit
425 2190 475 2231 de
508 2204 583 2231 suo
616 2189 798 2230 adventu
826 2189 1035 2230 certiores.
1097 2188 1274 2231 Interim
1300 2189 1462 2231 nobiles
1492 2189 1636 2249 homi-5

291 2270 365 2296 nes
406 2269 458 2295 ex
499 2254 586 2295 suis
629 2254 794 2309 oppidis
835 2254 1060 2308 profugere
1099 2257 1141 2294 et
1182 2254 1224 2295 in
1263 2256 1400 2294 castra
1437 2253 1627 2295 Caesaris

294 2319 488 2361 devenire
529 2322 570 2360 et
609 2319 658 2360 de
696 2319 1031 2361 adversariorum
1066 2318 1155 2359 eius
1193 2318 1440 2360 crudelitate
1473 2318 1626 2360 acerbi-
