<?xml version="1.0" encoding="UTF-8"?>
<!DOCTYPE html PUBLIC "-//W3C//DTD XHTML 1.0 Transitional//EN"
    "http://www.w3.org/TR/xhtml1/DTD/xhtml1-transitional.dtd">
<html xmlns="http://www.w3.org/1999/xhtml" xml:lang="en" lang="en">
 <head>
  <title>
</title>
<meta http-equiv="Content-Type" content="text/html;charset=utf-8" />
  <meta name='ocr-system' content='tesseract 3.04.00' />
  <meta name='ocr-capabilities' content='ocr_page ocr_carea ocr_par ocr_line ocrx_word'/>
</head>
<body>
  <div class='ocr_page' id='page_1' title='image "./commentarii03caesuoft_0128.png"; bbox 0 0 1669 2574; ppageno 0'>
   <div class='ocr_carea' id='block_1_1' title="bbox 297 93 1180 136">
    <p class='ocr_par' dir='ltr' id='par_1_1' title="bbox 297 93 1180 136">
     <span class='ocr_line' id='line_1_1' title="bbox 297 93 1180 136; baseline -0.001 -8"><span class='ocrx_word' id='word_1_1' title='bbox 297 96 354 136; x_wconf 83' lang='lat'>80</span> <span class='ocrx_word' id='word_1_2' title='bbox 738 94 933 128; x_wconf 88' lang='lat' dir='ltr'><strong>BELLUM</strong></span> <span class='ocrx_word' id='word_1_3' title='bbox 958 93 1180 128; x_wconf 83' lang='lat' dir='ltr'>AFRICUM.</span> 
     </span>
    </p>
   </div>
   <div class='ocr_carea' id='block_1_2' title="bbox 248 188 1669 2366">
    <p class='ocr_par' dir='ltr' id='par_1_2' title="bbox 294 188 1626 436">
     <span class='ocr_line' id='line_1_2' title="bbox 294 188 1626 243; baseline -0.003 -11"><span class='ocrx_word' id='word_1_4' title='bbox 294 205 388 232; x_wconf 90' lang='lat' dir='ltr'>meo</span> <span class='ocrx_word' id='word_1_5' title='bbox 415 191 601 232; x_wconf 82' lang='lat' dir='ltr'>exercitu</span> <span class='ocrx_word' id='word_1_6' title='bbox 628 189 794 230; x_wconf 83' lang='lat' dir='ltr'>ordines</span> <span class='ocrx_word' id='word_1_7' title='bbox 821 188 994 242; x_wconf 81' lang='lat' dir='ltr'>ducatis,</span> <span class='ocrx_word' id='word_1_8' title='bbox 1019 188 1254 243; x_wconf 89' lang='lat' dir='ltr'>missosque</span> <span class='ocrx_word' id='word_1_9' title='bbox 1279 188 1387 229; x_wconf 87' lang='lat' dir='ltr'>facio</span> <span class='ocrx_word' id='word_1_10' title='bbox 1413 190 1466 242; x_wconf 76' lang='lat' dir='ltr'>et,</span> <span class='ocrx_word' id='word_1_11' title='bbox 1498 201 1626 241; x_wconf 89' lang='lat' dir='ltr'>quan-</span> 
     </span>
     <span class='ocr_line' id='line_1_3' title="bbox 295 251 1626 308; baseline -0.003 -13"><span class='ocrx_word' id='word_1_12' title='bbox 295 257 386 295; x_wconf 92' lang='lat' dir='ltr'>tum</span> <span class='ocrx_word' id='word_1_13' title='bbox 423 256 540 308; x_wconf 86' lang='lat' dir='ltr'>pote,</span> <span class='ocrx_word' id='word_1_14' title='bbox 583 253 728 294; x_wconf 89' lang='lat' dir='ltr'>abesse</span> <span class='ocrx_word' id='word_1_15' title='bbox 773 267 825 294; x_wconf 81' lang='lat' dir='ltr'>ex</span> <span class='ocrx_word' id='word_1_16' title='bbox 860 251 1006 293; x_wconf 87' lang='lat' dir='ltr'>Africa</span> <span class='ocrx_word' id='word_1_17' title='bbox 1047 252 1198 294; x_wconf 65' lang='lat' dir='ltr'>iubeo.³</span> <span class='ocrx_word' id='word_1_18' title='bbox 1259 251 1408 306; x_wconf 86' lang='lat' dir='ltr'>Itaque</span> <span class='ocrx_word' id='word_1_19' title='bbox 1446 251 1626 292; x_wconf 86' lang='lat' dir='ltr'>traditos</span> 
     </span>
     <span class='ocr_line' id='line_1_4' title="bbox 295 315 1626 371; baseline -0.002 -12"><span class='ocrx_word' id='word_1_20' title='bbox 295 318 612 360; x_wconf 67' lang='lat' dir='ltr'>centurionibus</span> <span class='ocrx_word' id='word_1_21' title='bbox 638 319 680 358; x_wconf 86' lang='lat' dir='ltr'>et</span> <span class='ocrx_word' id='word_1_22' title='bbox 705 316 884 371; x_wconf 82' lang='lat' dir='ltr'>singulis</span> <span class='ocrx_word' id='word_1_23' title='bbox 916 330 1001 357; x_wconf 90' lang='lat' dir='ltr'>non</span> <span class='ocrx_word' id='word_1_24' title='bbox 1027 316 1208 370; x_wconf 89' lang='lat' dir='ltr'>amplius</span> <span class='ocrx_word' id='word_1_25' title='bbox 1240 316 1430 371; x_wconf 82' lang='lat' dir='ltr'>singulos</span> <span class='ocrx_word' id='word_1_26' title='bbox 1463 315 1626 356; x_wconf 89' lang='lat' dir='ltr'>additos</span> 
     </span>
     <span class='ocr_line' id='line_1_5' title="bbox 295 380 1465 436; baseline -0.003 -12"><span class='ocrx_word' id='word_1_27' title='bbox 295 396 439 425; x_wconf 86' lang='lat' dir='ltr'>servos</span> <span class='ocrx_word' id='word_1_28' title='bbox 470 382 514 423; x_wconf 88' lang='lat' dir='ltr'>in</span> <span class='ocrx_word' id='word_1_29' title='bbox 544 396 694 423; x_wconf 84' lang='lat' dir='ltr'>navem</span> <span class='ocrx_word' id='word_1_30' title='bbox 726 381 1002 436; x_wconf 84' lang='lat' dir='ltr'>imponendos</span> <span class='ocrx_word' id='word_1_31' title='bbox 1034 381 1260 435; x_wconf 88' lang='lat' dir='ltr'>separatim</span> <span class='ocrx_word' id='word_1_32' title='bbox 1293 380 1465 422; x_wconf 82' lang='lat' dir='ltr'>curavit.</span> 
     </span>
    </p>

    <p class='ocr_par' dir='ltr' id='par_1_3' title="bbox 249 443 1629 758">
     <span class='ocr_line' id='line_1_6' title="bbox 249 443 1627 500; baseline -0.003 -12"><span class='ocrx_word' id='word_1_33' title='bbox 249 458 267 489; x_wconf 93' lang='lat'>1</span> <span class='ocrx_word' id='word_1_34' title='bbox 380 445 468 487; x_wconf 89' lang='lat' dir='ltr'>LV.</span> <span class='ocrx_word' id='word_1_35' title='bbox 525 445 693 487; x_wconf 82' lang='lat' dir='ltr'>Gaetuli</span> <span class='ocrx_word' id='word_1_36' title='bbox 731 446 901 487; x_wconf 85' lang='lat' dir='ltr'>interim</span> <span class='ocrx_word' id='word_1_37' title='bbox 938 445 1158 500; x_wconf 82' lang='lat' dir='ltr'><strong>perfugae,</strong></span> <span class='ocrx_word' id='word_1_38' title='bbox 1197 460 1302 499; x_wconf 84' lang='lat' dir='ltr'>quos</span> <span class='ocrx_word' id='word_1_39' title='bbox 1341 459 1436 486; x_wconf 91' lang='lat' dir='ltr'>cum</span> <span class='ocrx_word' id='word_1_40' title='bbox 1471 443 1627 485; x_wconf 88' lang='lat' dir='ltr'>litteris</span> 
     </span>
     <span class='ocr_line' id='line_1_7' title="bbox 294 508 1626 565; baseline -0.002 -14"><span class='ocrx_word' id='word_1_41' title='bbox 294 510 587 565; x_wconf 85' lang='lat' dir='ltr'>mandatisque</span> <span class='ocrx_word' id='word_1_42' title='bbox 607 525 630 551; x_wconf 93' lang='lat' dir='ltr'>a</span> <span class='ocrx_word' id='word_1_43' title='bbox 650 509 825 552; x_wconf 77' lang='lat' dir='ltr'>Caesare</span> <span class='ocrx_word' id='word_1_44' title='bbox 851 509 1003 551; x_wconf 86' lang='lat' dir='ltr'>missos</span> <span class='ocrx_word' id='word_1_45' title='bbox 1029 524 1157 563; x_wconf 90' lang='lat' dir='ltr'>supra</span> <span class='ocrx_word' id='word_1_46' title='bbox 1188 509 1419 563; x_wconf 80' lang='lat' dir='ltr'>docuimus,</span> <span class='ocrx_word' id='word_1_47' title='bbox 1452 508 1503 549; x_wconf 91' lang='lat' dir='ltr'>ad</span> <span class='ocrx_word' id='word_1_48' title='bbox 1528 523 1626 549; x_wconf 86' lang='lat' dir='ltr'>suos</span> 
     </span>
     <span class='ocr_line' id='line_1_8' title="bbox 295 572 1628 628; baseline -0.002 -13"><span class='ocrx_word' id='word_1_49' title='bbox 295 573 406 615; x_wconf 85' lang='lat' dir='ltr'>cives</span> <span class='ocrx_word' id='word_1_50' title='bbox 446 574 708 628; x_wconf 86' lang='lat' dir='ltr'>perveniunt.</span> <span class='ocrx_word' id='word_1_51' title='bbox 770 573 959 623; x_wconf 83' lang='lat' dir='ltr'>Quorum</span> <span class='ocrx_word' id='word_1_52' title='bbox 1004 573 1255 615; x_wconf 85' lang='lat' dir='ltr'>auctoritate</span> <span class='ocrx_word' id='word_1_53' title='bbox 1296 573 1417 615; x_wconf 86' lang='lat' dir='ltr'>facile</span> <span class='ocrx_word' id='word_1_54' title='bbox 1460 572 1628 614; x_wconf 88' lang='lat' dir='ltr'>adducti</span> 
     </span>
     <span class='ocr_line' id='line_1_9' title="bbox 295 636 1629 693; baseline -0.001 -14"><span class='ocrx_word' id='word_1_55' title='bbox 295 637 567 693; x_wconf 79' lang='lat' dir='ltr'>Caesarisque</span> <span class='ocrx_word' id='word_1_56' title='bbox 603 638 773 680; x_wconf 89' lang='lat' dir='ltr'>nomine</span> <span class='ocrx_word' id='word_1_57' title='bbox 811 638 1000 692; x_wconf 82' lang='lat' dir='ltr'>persuasi</span> <span class='ocrx_word' id='word_1_58' title='bbox 1039 653 1063 680; x_wconf 94' lang='lat' dir='ltr'>a</span> <span class='ocrx_word' id='word_1_59' title='bbox 1105 652 1203 693; x_wconf 86' lang='lat' dir='ltr'>rege</span> <span class='ocrx_word' id='word_1_60' title='bbox 1240 636 1346 679; x_wconf 89' lang='lat' dir='ltr'>Iuba</span> <span class='ocrx_word' id='word_1_61' title='bbox 1387 637 1629 678; x_wconf 90' lang='lat' dir='ltr'>desciscunt</span> 
     </span>
     <span class='ocr_line' id='line_1_10' title="bbox 295 701 1628 758; baseline -0.002 -14"><span class='ocrx_word' id='word_1_62' title='bbox 295 703 568 758; x_wconf 73' lang='lat' dir='ltr'>celeriterque</span> <span class='ocrx_word' id='word_1_63' title='bbox 600 703 740 745; x_wconf 92' lang='lat' dir='ltr'>cuncti</span> <span class='ocrx_word' id='word_1_64' title='bbox 779 717 895 744; x_wconf 88' lang='lat' dir='ltr'>arma</span> <span class='ocrx_word' id='word_1_65' title='bbox 932 702 1105 756; x_wconf 90' lang='lat' dir='ltr'>capiunt</span> <span class='ocrx_word' id='word_1_66' title='bbox 1138 705 1367 756; x_wconf 87' lang='lat' dir='ltr'>contraque</span> <span class='ocrx_word' id='word_1_67' title='bbox 1398 715 1540 756; x_wconf 82' lang='lat' dir='ltr'>regem</span> <span class='ocrx_word' id='word_1_68' title='bbox 1570 701 1628 742; x_wconf 88' lang='lat' dir='ltr'>fa-</span> 
     </span>
    </p>

    <p class='ocr_par' dir='ltr' id='par_1_4' title="bbox 248 765 1630 1067">
     <span class='ocr_line' id='line_1_11' title="bbox 248 765 1628 821; baseline -0.003 -11"><span class='ocrx_word' id='word_1_69' title='bbox 248 781 269 812; x_wconf 84' lang='lat'><strong>2</strong></span> <span class='ocrx_word' id='word_1_70' title='bbox 296 782 386 809; x_wconf 80' lang='lat' dir='ltr'>cere</span> <span class='ocrx_word' id='word_1_71' title='bbox 410 783 495 809; x_wconf 93' lang='lat' dir='ltr'>non</span> <span class='ocrx_word' id='word_1_72' title='bbox 521 768 726 809; x_wconf 89' lang='lat' dir='ltr'>dubitant.</span> <span class='ocrx_word' id='word_1_73' title='bbox 791 766 953 816; x_wconf 87' lang='lat' dir='ltr'>Quibus</span> <span class='ocrx_word' id='word_1_74' title='bbox 978 767 1104 808; x_wconf 88' lang='lat' dir='ltr'>rebus</span> <span class='ocrx_word' id='word_1_75' title='bbox 1131 767 1312 821; x_wconf 74' lang='lat' dir='ltr'>cognitis</span> <span class='ocrx_word' id='word_1_76' title='bbox 1338 765 1444 807; x_wconf 90' lang='lat' dir='ltr'>Iuba</span> <span class='ocrx_word' id='word_1_77' title='bbox 1475 765 1628 806; x_wconf 89' lang='lat' dir='ltr'>disten-</span> 
     </span>
     <span class='ocr_line' id='line_1_12' title="bbox 293 831 1628 886; baseline 0 -14"><span class='ocrx_word' id='word_1_78' title='bbox 293 833 363 872; x_wconf 87' lang='lat' dir='ltr'>tus</span> <span class='ocrx_word' id='word_1_79' title='bbox 400 831 557 886; x_wconf 87' lang='lat' dir='ltr'>triplici</span> <span class='ocrx_word' id='word_1_80' title='bbox 595 831 706 872; x_wconf 86' lang='lat' dir='ltr'>bello</span> <span class='ocrx_word' id='word_1_81' title='bbox 751 832 1084 885; x_wconf 86' lang='lat' dir='ltr'>necessitateque</span> <span class='ocrx_word' id='word_1_82' title='bbox 1129 834 1297 873; x_wconf 90' lang='lat' dir='ltr'>coactus</span> <span class='ocrx_word' id='word_1_83' title='bbox 1342 831 1391 872; x_wconf 91' lang='lat' dir='ltr'>de</span> <span class='ocrx_word' id='word_1_84' title='bbox 1434 831 1521 872; x_wconf 89' lang='lat' dir='ltr'>suis</span> <span class='ocrx_word' id='word_1_85' title='bbox 1565 845 1628 872; x_wconf 90' lang='lat' dir='ltr'>co-</span> 
     </span>
     <span class='ocr_line' id='line_1_13' title="bbox 292 894 1629 950; baseline 0 -14"><span class='ocrx_word' id='word_1_86' title='bbox 292 896 387 950; x_wconf 84' lang='lat' dir='ltr'>piis,</span> <span class='ocrx_word' id='word_1_87' title='bbox 420 910 523 950; x_wconf 87' lang='lat' dir='ltr'>quas</span> <span class='ocrx_word' id='word_1_88' title='bbox 556 898 703 938; x_wconf 89' lang='lat' dir='ltr'>contra</span> <span class='ocrx_word' id='word_1_89' title='bbox 735 894 954 937; x_wconf 87' lang='lat' dir='ltr'>Caesarem</span> <span class='ocrx_word' id='word_1_90' title='bbox 987 896 1229 950; x_wconf 78' lang='lat' dir='ltr'>adduxerat,</span> <span class='ocrx_word' id='word_1_91' title='bbox 1262 910 1336 936; x_wconf 80' lang='lat' dir='ltr'>sex</span> <span class='ocrx_word' id='word_1_92' title='bbox 1366 895 1559 937; x_wconf 80' lang='lat' dir='ltr'>cohortes</span> <span class='ocrx_word' id='word_1_93' title='bbox 1585 896 1629 937; x_wconf 90' lang='lat' dir='ltr'>in</span> 
     </span>
     <span class='ocr_line' id='line_1_14' title="bbox 292 959 1630 1015; baseline 0.001 -15"><span class='ocrx_word' id='word_1_94' title='bbox 292 960 398 1001; x_wconf 90' lang='lat' dir='ltr'>fines</span> <span class='ocrx_word' id='word_1_95' title='bbox 440 961 561 1015; x_wconf 80' lang='lat' dir='ltr'>regni</span> <span class='ocrx_word' id='word_1_96' title='bbox 604 960 670 1002; x_wconf 90' lang='lat' dir='ltr'>sui</span> <span class='ocrx_word' id='word_1_97' title='bbox 712 959 864 1014; x_wconf 84' lang='lat' dir='ltr'>mittit,</span> <span class='ocrx_word' id='word_1_98' title='bbox 908 973 1014 1014; x_wconf 84' lang='lat' dir='ltr'>quae</span> <span class='ocrx_word' id='word_1_99' title='bbox 1053 962 1194 1001; x_wconf 80' lang='lat' dir='ltr'>essent</span> <span class='ocrx_word' id='word_1_100' title='bbox 1232 960 1446 1014; x_wconf 87' lang='lat' dir='ltr'>praesidio</span> <span class='ocrx_word' id='word_1_101' title='bbox 1485 962 1630 1001; x_wconf 88' lang='lat' dir='ltr'>contra</span> 
     </span>
     <span class='ocr_line' id='line_1_15' title="bbox 297 1024 509 1067; baseline -0.005 0"><span class='ocrx_word' id='word_1_102' title='bbox 297 1024 509 1067; x_wconf 79' lang='lat' dir='ltr'>Gaetulos.</span> 
     </span>
    </p>

    <p class='ocr_par' dir='ltr' id='par_1_5' title="bbox 249 1088 1631 1402">
     <span class='ocr_line' id='line_1_16' title="bbox 249 1088 1629 1143; baseline -0.001 -10"><span class='ocrx_word' id='word_1_103' title='bbox 249 1103 267 1134; x_wconf 92' lang='lat'><strong>1</strong></span> <span class='ocrx_word' id='word_1_104' title='bbox 381 1088 491 1130; x_wconf 91' lang='lat' dir='ltr'><strong>LVI.</strong></span> <span class='ocrx_word' id='word_1_105' title='bbox 543 1088 694 1130; x_wconf 90' lang='lat' dir='ltr'>Caesar</span> <span class='ocrx_word' id='word_1_106' title='bbox 724 1088 910 1130; x_wconf 88' lang='lat' dir='ltr'>brachiis</span> <span class='ocrx_word' id='word_1_107' title='bbox 942 1089 1140 1143; x_wconf 88' lang='lat' dir='ltr'>perfectis</span> <span class='ocrx_word' id='word_1_108' title='bbox 1171 1088 1463 1143; x_wconf 84' lang='lat' dir='ltr'>promotisque</span> <span class='ocrx_word' id='word_1_109' title='bbox 1495 1103 1629 1143; x_wconf 87' lang='lat' dir='ltr'>usque</span> 
     </span>
     <span class='ocr_line' id='line_1_17' title="bbox 295 1153 1631 1208; baseline -0.001 -12"><span class='ocrx_word' id='word_1_110' title='bbox 295 1169 362 1208; x_wconf 84' lang='lat' dir='ltr'>ec,</span> <span class='ocrx_word' id='word_1_111' title='bbox 405 1168 487 1208; x_wconf 89' lang='lat' dir='ltr'>quo</span> <span class='ocrx_word' id='word_1_112' title='bbox 532 1153 663 1195; x_wconf 89' lang='lat' dir='ltr'>telum</span> <span class='ocrx_word' id='word_1_113' title='bbox 707 1168 758 1195; x_wconf 82' lang='lat' dir='ltr'>ex</span> <span class='ocrx_word' id='word_1_114' title='bbox 802 1153 956 1207; x_wconf 89' lang='lat' dir='ltr'>oppido</span> <span class='ocrx_word' id='word_1_115' title='bbox 1001 1153 1116 1208; x_wconf 79' lang='lat' dir='ltr'>adigi</span> <span class='ocrx_word' id='word_1_116' title='bbox 1157 1167 1243 1194; x_wconf 89' lang='lat' dir='ltr'>non</span> <span class='ocrx_word' id='word_1_117' title='bbox 1286 1156 1450 1208; x_wconf 82' lang='lat' dir='ltr'>posset,</span> <span class='ocrx_word' id='word_1_118' title='bbox 1494 1157 1631 1195; x_wconf 85' lang='lat' dir='ltr'>castra</span> 
     </span>
     <span class='ocr_line' id='line_1_18' title="bbox 294 1217 1629 1272; baseline -0.001 -13"><span class='ocrx_word' id='word_1_119' title='bbox 294 1218 449 1272; x_wconf 87' lang='lat' dir='ltr'>munit,</span> <span class='ocrx_word' id='word_1_120' title='bbox 487 1217 671 1259; x_wconf 88' lang='lat' dir='ltr'>ballistis</span> <span class='ocrx_word' id='word_1_121' title='bbox 708 1217 1084 1271; x_wconf 86' lang='lat' dir='ltr'>scorpionibusque</span> <span class='ocrx_word' id='word_1_122' title='bbox 1123 1217 1280 1259; x_wconf 86' lang='lat' dir='ltr'>crebris</span> <span class='ocrx_word' id='word_1_123' title='bbox 1313 1220 1408 1259; x_wconf 90' lang='lat' dir='ltr'>ante</span> <span class='ocrx_word' id='word_1_124' title='bbox 1445 1217 1629 1259; x_wconf 87' lang='lat' dir='ltr'>frontem</span> 
     </span>
     <span class='ocr_line' id='line_1_19' title="bbox 295 1281 1630 1336; baseline 0.001 -13"><span class='ocrx_word' id='word_1_125' title='bbox 295 1285 529 1324; x_wconf 85' lang='lat' dir='ltr'>castrorum</span> <span class='ocrx_word' id='word_1_126' title='bbox 560 1285 707 1324; x_wconf 87' lang='lat' dir='ltr'>contra</span> <span class='ocrx_word' id='word_1_127' title='bbox 738 1282 940 1336; x_wconf 87' lang='lat' dir='ltr'>oppidum</span> <span class='ocrx_word' id='word_1_128' title='bbox 981 1281 1211 1323; x_wconf 84' lang='lat' dir='ltr'>conlocatis</span> <span class='ocrx_word' id='word_1_129' title='bbox 1250 1281 1488 1323; x_wconf 86' lang='lat' dir='ltr'>defensores</span> <span class='ocrx_word' id='word_1_130' title='bbox 1519 1283 1630 1324; x_wconf 90' lang='lat' dir='ltr'>muri</span> 
     </span>
     <span class='ocr_line' id='line_1_20' title="bbox 296 1346 1631 1402; baseline 0.001 -15"><span class='ocrx_word' id='word_1_131' title='bbox 296 1346 503 1388; x_wconf 88' lang='lat' dir='ltr'>deterrere</span> <span class='ocrx_word' id='word_1_132' title='bbox 540 1361 624 1388; x_wconf 94' lang='lat' dir='ltr'>non</span> <span class='ocrx_word' id='word_1_133' title='bbox 668 1346 916 1388; x_wconf 85' lang='lat' dir='ltr'>intermittit</span> <span class='ocrx_word' id='word_1_134' title='bbox 954 1360 1086 1400; x_wconf 89' lang='lat' dir='ltr'>eoque</span> <span class='ocrx_word' id='word_1_135' title='bbox 1125 1346 1310 1400; x_wconf 90' lang='lat' dir='ltr'>quinque</span> <span class='ocrx_word' id='word_1_136' title='bbox 1352 1346 1540 1402; x_wconf 85' lang='lat' dir='ltr'>legiones</span> <span class='ocrx_word' id='word_1_137' title='bbox 1578 1362 1631 1389; x_wconf 84' lang='lat' dir='ltr'>ex</span> 
     </span>
    </p>

    <p class='ocr_par' dir='ltr' id='par_1_6' title="bbox 248 1410 1630 1594">
     <span class='ocr_line' id='line_1_21' title="bbox 248 1410 1630 1465; baseline 0 -13"><span class='ocrx_word' id='word_1_138' title='bbox 248 1426 269 1457; x_wconf 79' lang='lat'>2</span> <span class='ocrx_word' id='word_1_139' title='bbox 296 1411 583 1465; x_wconf 86' lang='lat' dir='ltr'>superioribus</span> <span class='ocrx_word' id='word_1_140' title='bbox 617 1411 765 1452; x_wconf 88' lang='lat' dir='ltr'>castris</span> <span class='ocrx_word' id='word_1_141' title='bbox 799 1410 977 1452; x_wconf 89' lang='lat' dir='ltr'>deducit.</span> <span class='ocrx_word' id='word_1_142' title='bbox 1041 1410 1132 1460; x_wconf 85' lang='lat' dir='ltr'>Qua</span> <span class='ocrx_word' id='word_1_143' title='bbox 1162 1410 1362 1452; x_wconf 84' lang='lat' dir='ltr'>facultate</span> <span class='ocrx_word' id='word_1_144' title='bbox 1398 1411 1540 1452; x_wconf 88' lang='lat' dir='ltr'>oblata</span> <span class='ocrx_word' id='word_1_145' title='bbox 1570 1411 1630 1452; x_wconf 92' lang='lat' dir='ltr'>in-</span> 
     </span>
     <span class='ocr_line' id='line_1_22' title="bbox 294 1474 1629 1530; baseline 0 -14"><span class='ocrx_word' id='word_1_146' title='bbox 294 1475 514 1517; x_wconf 87' lang='lat' dir='ltr'>lustriores</span> <span class='ocrx_word' id='word_1_147' title='bbox 551 1475 846 1530; x_wconf 88' lang='lat' dir='ltr'>notissimique</span> <span class='ocrx_word' id='word_1_148' title='bbox 884 1477 1159 1529; x_wconf 89' lang='lat' dir='ltr'>conspectum</span> <span class='ocrx_word' id='word_1_149' title='bbox 1191 1474 1424 1515; x_wconf 89' lang='lat' dir='ltr'>amicorum</span> <span class='ocrx_word' id='word_1_150' title='bbox 1461 1474 1629 1529; x_wconf 90' lang='lat' dir='ltr'>propin-</span> 
     </span>
     <span class='ocr_line' id='line_1_23' title="bbox 296 1539 1629 1594; baseline -0.001 -13"><span class='ocrx_word' id='word_1_151' title='bbox 296 1554 558 1594; x_wconf 86' lang='lat' dir='ltr'>quorumque</span> <span class='ocrx_word' id='word_1_152' title='bbox 584 1539 877 1594; x_wconf 83' lang='lat' dir='ltr'>efflagitabant</span> <span class='ocrx_word' id='word_1_153' title='bbox 903 1543 1032 1594; x_wconf 88' lang='lat' dir='ltr'>atque</span> <span class='ocrx_word' id='word_1_154' title='bbox 1057 1539 1168 1581; x_wconf 89' lang='lat' dir='ltr'>inter</span> <span class='ocrx_word' id='word_1_155' title='bbox 1193 1554 1237 1580; x_wconf 89' lang='lat' dir='ltr'>se</span> <span class='ocrx_word' id='word_1_156' title='bbox 1259 1539 1629 1594; x_wconf 86' lang='lat' dir='ltr'>conloquebantur.</span> 
     </span>
    </p>

    <p class='ocr_par' dir='ltr' id='par_1_7' title="bbox 249 1603 1669 2174">
     <span class='ocr_line' id='line_1_24' title="bbox 249 1603 1630 1659; baseline 0.001 -14"><span class='ocrx_word' id='word_1_157' title='bbox 249 1621 269 1651; x_wconf 90' lang='lat'>3</span> <span class='ocrx_word' id='word_1_158' title='bbox 296 1604 410 1654; x_wconf 82' lang='lat' dir='ltr'>Quae</span> <span class='ocrx_word' id='word_1_159' title='bbox 448 1619 513 1645; x_wconf 89' lang='lat' dir='ltr'>res</span> <span class='ocrx_word' id='word_1_160' title='bbox 546 1605 647 1658; x_wconf 88' lang='lat' dir='ltr'>quid</span> <span class='ocrx_word' id='word_1_161' title='bbox 683 1604 886 1645; x_wconf 84' lang='lat' dir='ltr'>utilitatis</span> <span class='ocrx_word' id='word_1_162' title='bbox 918 1604 1111 1659; x_wconf 76' lang='lat' dir='ltr'>liaberet,</span> <span class='ocrx_word' id='word_1_163' title='bbox 1150 1603 1370 1645; x_wconf 90' lang='lat' dir='ltr'>Caesarem</span> <span class='ocrx_word' id='word_1_164' title='bbox 1401 1618 1486 1645; x_wconf 90' lang='lat' dir='ltr'>non</span> <span class='ocrx_word' id='word_1_165' title='bbox 1516 1604 1630 1646; x_wconf 89' lang='lat' dir='ltr'>falle-</span> 
     </span>
     <span class='ocr_line' id='line_1_25' title="bbox 295 1668 1630 1723; baseline 0 -13"><span class='ocrx_word' id='word_1_166' title='bbox 295 1670 385 1711; x_wconf 88' lang='lat' dir='ltr'>bat:</span> <span class='ocrx_word' id='word_1_167' title='bbox 416 1683 597 1723; x_wconf 87' lang='lat' dir='ltr'>namque</span> <span class='ocrx_word' id='word_1_168' title='bbox 626 1668 793 1710; x_wconf 80' lang='lat' dir='ltr'>Gaetuli</span> <span class='ocrx_word' id='word_1_169' title='bbox 819 1684 871 1710; x_wconf 83' lang='lat' dir='ltr'>ex</span> <span class='ocrx_word' id='word_1_170' title='bbox 896 1669 1089 1723; x_wconf 89' lang='lat' dir='ltr'>equitatu</span> <span class='ocrx_word' id='word_1_171' title='bbox 1121 1669 1239 1722; x_wconf 79' lang='lat' dir='ltr'>regio</span> <span class='ocrx_word' id='word_1_172' title='bbox 1264 1668 1492 1711; x_wconf 87' lang='lat' dir='ltr'>nobiliores</span> <span class='ocrx_word' id='word_1_173' title='bbox 1518 1669 1630 1723; x_wconf 90' lang='lat' dir='ltr'>equi-</span> 
     </span>
     <span class='ocr_line' id='line_1_26' title="bbox 295 1732 1631 1789; baseline -0.001 -14"><span class='ocrx_word' id='word_1_174' title='bbox 295 1737 470 1787; x_wconf 88' lang='lat' dir='ltr'>tumque</span> <span class='ocrx_word' id='word_1_175' title='bbox 519 1734 742 1789; x_wconf 71' lang='lat' dir='ltr'>praefecti,</span> <span class='ocrx_word' id='word_1_176' title='bbox 792 1748 971 1788; x_wconf 89' lang='lat' dir='ltr'>quorum</span> <span class='ocrx_word' id='word_1_177' title='bbox 1020 1736 1163 1788; x_wconf 90' lang='lat' dir='ltr'>patres</span> <span class='ocrx_word' id='word_1_178' title='bbox 1213 1747 1308 1774; x_wconf 89' lang='lat' dir='ltr'>cum</span> <span class='ocrx_word' id='word_1_179' title='bbox 1350 1732 1485 1774; x_wconf 91' lang='lat' dir='ltr'>Mario</span> <span class='ocrx_word' id='word_1_180' title='bbox 1535 1736 1631 1775; x_wconf 85' lang='lat' dir='ltr'>ante</span> 
     </span>
     <span class='ocr_line' id='line_1_27' title="bbox 295 1797 1631 1852; baseline 0 -14"><span class='ocrx_word' id='word_1_181' title='bbox 295 1801 536 1839; x_wconf 88' lang='lat' dir='ltr'>meruerant</span> <span class='ocrx_word' id='word_1_182' title='bbox 579 1798 752 1852; x_wconf 89' lang='lat' dir='ltr'>eiusque</span> <span class='ocrx_word' id='word_1_183' title='bbox 795 1797 999 1839; x_wconf 91' lang='lat' dir='ltr'>beneficio</span> <span class='ocrx_word' id='word_1_184' title='bbox 1045 1797 1159 1852; x_wconf 79' lang='lat' dir='ltr'>agris</span> <span class='ocrx_word' id='word_1_185' title='bbox 1203 1797 1444 1852; x_wconf 89' lang='lat' dir='ltr'>finibusque</span> <span class='ocrx_word' id='word_1_186' title='bbox 1488 1797 1631 1839; x_wconf 89' lang='lat' dir='ltr'>donati</span> 
     </span>
     <span class='ocr_line' id='line_1_28' title="bbox 294 1861 1655 1917; baseline 0 -14"><span class='ocrx_word' id='word_1_187' title='bbox 294 1865 393 1917; x_wconf 88' lang='lat' dir='ltr'>post</span> <span class='ocrx_word' id='word_1_188' title='bbox 426 1861 565 1916; x_wconf 81' lang='lat' dir='ltr'>Syllae</span> <span class='ocrx_word' id='word_1_189' title='bbox 596 1863 818 1904; x_wconf 83' lang='lat' dir='ltr'>victoriam</span> <span class='ocrx_word' id='word_1_190' title='bbox 851 1862 928 1903; x_wconf 91' lang='lat' dir='ltr'>sub</span> <span class='ocrx_word' id='word_1_191' title='bbox 960 1861 1221 1916; x_wconf 87' lang='lat' dir='ltr'>Hiempsalis</span> <span class='ocrx_word' id='word_1_192' title='bbox 1252 1863 1364 1916; x_wconf 83' lang='lat' dir='ltr'>regis</span> <span class='ocrx_word' id='word_1_193' title='bbox 1397 1865 1515 1903; x_wconf 89' lang='lat' dir='ltr'>erant</span> <span class='ocrx_word' id='word_1_194' title='bbox 1545 1861 1655 1903; x_wconf 71' lang='lat' dir='ltr'>dati</span> 
     </span>
     <span class='ocr_line' id='line_1_29' title="bbox 294 1926 1669 1981; baseline 0 -14"><span class='ocrx_word' id='word_1_195' title='bbox 294 1929 568 1981; x_wconf 76' lang='lat' dir='ltr'>potestatem,</span> <span class='ocrx_word' id='word_1_196' title='bbox 607 1927 823 1968; x_wconf 85' lang='lat' dir='ltr'>occasione</span> <span class='ocrx_word' id='word_1_197' title='bbox 861 1929 984 1980; x_wconf 89' lang='lat' dir='ltr'>capta</span> <span class='ocrx_word' id='word_1_198' title='bbox 1020 1929 1144 1968; x_wconf 92' lang='lat' dir='ltr'>nocte</span> <span class='ocrx_word' id='word_1_199' title='bbox 1183 1926 1268 1967; x_wconf 90' lang='lat' dir='ltr'>iam</span> <span class='ocrx_word' id='word_1_200' title='bbox 1306 1926 1537 1968; x_wconf 89' lang='lat' dir='ltr'>luminibus</span> <span class='ocrx_word' id='word_1_201' title='bbox 1569 1941 1631 1967; x_wconf 85' lang='lat' dir='ltr'>ac·</span> <span class='ocrx_word' id='word_1_202' title='bbox 1658 1951 1669 1981; x_wconf 60' lang='lat'>1</span> 
     </span>
     <span class='ocr_line' id='line_1_30' title="bbox 296 1990 1669 2045; baseline 0 -14"><span class='ocrx_word' id='word_1_203' title='bbox 296 1991 431 2032; x_wconf 91' lang='lat' dir='ltr'>censis</span> <span class='ocrx_word' id='word_1_204' title='bbox 464 2005 559 2031; x_wconf 90' lang='lat' dir='ltr'>cum</span> <span class='ocrx_word' id='word_1_205' title='bbox 591 1991 710 2045; x_wconf 89' lang='lat' dir='ltr'>equis</span> <span class='ocrx_word' id='word_1_206' title='bbox 743 1991 1047 2045; x_wconf 88' lang='lat' dir='ltr'>calonibusque</span> <span class='ocrx_word' id='word_1_207' title='bbox 1079 1990 1166 2031; x_wconf 92' lang='lat' dir='ltr'>suis</span> <span class='ocrx_word' id='word_1_208' title='bbox 1199 1991 1365 2032; x_wconf 89' lang='lat' dir='ltr'>circiter</span> <span class='ocrx_word' id='word_1_209' title='bbox 1395 1990 1511 2031; x_wconf 85' lang='lat' dir='ltr'>mille</span> <span class='ocrx_word' id='word_1_210' title='bbox 1541 2005 1631 2044; x_wconf 88' lang='lat' dir='ltr'>per·</span> <span class='ocrx_word' id='word_1_211' title='bbox 1654 1990 1669 2040; x_wconf 68' lang='lat'>-{</span> 
     </span>
     <span class='ocr_line' id='line_1_31' title="bbox 294 2054 1669 2109; baseline -0.001 -13"><span class='ocrx_word' id='word_1_212' title='bbox 294 2055 467 2109; x_wconf 80' lang='lat' dir='ltr'>fugiunt</span> <span class='ocrx_word' id='word_1_213' title='bbox 497 2055 540 2095; x_wconf 90' lang='lat' dir='ltr'>in</span> <span class='ocrx_word' id='word_1_214' title='bbox 573 2054 762 2096; x_wconf 81' lang='lat' dir='ltr'>Caesaris</span> <span class='ocrx_word' id='word_1_215' title='bbox 796 2058 949 2108; x_wconf 74' lang='lat' dir='ltr'>castra,</span> <span class='ocrx_word' id='word_1_216' title='bbox 988 2069 1094 2109; x_wconf 89' lang='lat' dir='ltr'>quae</span> <span class='ocrx_word' id='word_1_217' title='bbox 1126 2057 1245 2096; x_wconf 89' lang='lat' dir='ltr'>erant</span> <span class='ocrx_word' id='word_1_218' title='bbox 1282 2054 1326 2095; x_wconf 90' lang='lat' dir='ltr'>in</span> <span class='ocrx_word' id='word_1_219' title='bbox 1359 2069 1507 2108; x_wconf 90' lang='lat' dir='ltr'>campo</span> <span class='ocrx_word' id='word_1_220' title='bbox 1538 2068 1631 2108; x_wconf 88' lang='lat' dir='ltr'>pro·</span> <span class='ocrx_word' id='word_1_221' title='bbox 1660 2068 1669 2083; x_wconf 94' lang='grc'>-·</span> 
     </span>
     <span class='ocr_line' id='line_1_32' title="bbox 295 2119 998 2174; baseline -0.003 -13"><span class='ocrx_word' id='word_1_222' title='bbox 295 2120 408 2161; x_wconf 85' lang='lat' dir='ltr'>xime</span> <span class='ocrx_word' id='word_1_223' title='bbox 442 2119 617 2174; x_wconf 81' lang='lat' dir='ltr'>[locum]</span> <span class='ocrx_word' id='word_1_224' title='bbox 650 2119 819 2161; x_wconf 85' lang='lat' dir='ltr'>Uzitam</span> <span class='ocrx_word' id='word_1_225' title='bbox 850 2119 998 2160; x_wconf 89' lang='lat' dir='ltr'>locata.</span> 
     </span>
    </p>

    <p class='ocr_par' dir='ltr' id='par_1_8' title="bbox 251 2182 1632 2366">
     <span class='ocr_line' id='line_1_33' title="bbox 251 2182 1632 2238; baseline -0.001 -13"><span class='ocrx_word' id='word_1_226' title='bbox 251 2201 267 2231; x_wconf 87' lang='lat'>1</span> <span class='ocrx_word' id='word_1_227' title='bbox 384 2182 516 2225; x_wconf 90' lang='lat' dir='ltr'><strong>LVII.</strong></span> <span class='ocrx_word' id='word_1_228' title='bbox 560 2183 680 2233; x_wconf 84' lang='lat' dir='ltr'>Quod</span> <span class='ocrx_word' id='word_1_229' title='bbox 705 2186 930 2238; x_wconf 87' lang='lat' dir='ltr'>postquam</span> <span class='ocrx_word' id='word_1_230' title='bbox 953 2183 1107 2236; x_wconf 78' lang='lat' dir='ltr'>Scipio,</span> <span class='ocrx_word' id='word_1_231' title='bbox 1133 2183 1288 2237; x_wconf 85' lang='lat' dir='ltr'>quique</span> <span class='ocrx_word' id='word_1_232' title='bbox 1316 2197 1411 2223; x_wconf 92' lang='lat' dir='ltr'>cum</span> <span class='ocrx_word' id='word_1_233' title='bbox 1432 2197 1479 2224; x_wconf 89' lang='lat' dir='ltr'>eo</span> <span class='ocrx_word' id='word_1_234' title='bbox 1501 2185 1632 2236; x_wconf 84' lang='lat' dir='ltr'>erant,</span> 
     </span>
     <span class='ocr_line' id='line_1_34' title="bbox 298 2247 1632 2305; baseline -0.001 -16"><span class='ocrx_word' id='word_1_235' title='bbox 298 2251 596 2302; x_wconf 73' lang='lat' dir='ltr'>cognoverunt,</span> <span class='ocrx_word' id='word_1_236' title='bbox 629 2263 723 2305; x_wconf 89' lang='lat' dir='ltr'>cum</span> <span class='ocrx_word' id='word_1_237' title='bbox 756 2248 959 2289; x_wconf 90' lang='lat' dir='ltr'>commoti</span> <span class='ocrx_word' id='word_1_238' title='bbox 991 2262 1043 2288; x_wconf 80' lang='lat' dir='ltr'>ex</span> <span class='ocrx_word' id='word_1_239' title='bbox 1073 2247 1150 2288; x_wconf 90' lang='lat' dir='ltr'>tali</span> <span class='ocrx_word' id='word_1_240' title='bbox 1181 2247 1448 2288; x_wconf 89' lang='lat' dir='ltr'>incommodo</span> <span class='ocrx_word' id='word_1_241' title='bbox 1481 2249 1632 2302; x_wconf 81' lang='lat' dir='ltr'>essent,</span> 
     </span>
     <span class='ocr_line' id='line_1_35' title="bbox 298 2311 1631 2366; baseline 0.001 -13"><span class='ocrx_word' id='word_1_242' title='bbox 298 2312 384 2353; x_wconf 85' lang='lat' dir='ltr'>fere</span> <span class='ocrx_word' id='word_1_243' title='bbox 417 2327 491 2366; x_wconf 87' lang='lat' dir='ltr'>per</span> <span class='ocrx_word' id='word_1_244' title='bbox 523 2313 565 2353; x_wconf 87' lang='lat' dir='ltr'>id</span> <span class='ocrx_word' id='word_1_245' title='bbox 596 2315 763 2366; x_wconf 88' lang='lat' dir='ltr'>tempus</span> <span class='ocrx_word' id='word_1_246' title='bbox 795 2312 849 2353; x_wconf 92' lang='lat' dir='ltr'>M.</span> <span class='ocrx_word' id='word_1_247' title='bbox 876 2312 1111 2366; x_wconf 88' lang='lat' dir='ltr'>Aquinium</span> <span class='ocrx_word' id='word_1_248' title='bbox 1144 2326 1238 2353; x_wconf 91' lang='lat' dir='ltr'>cum</span> <span class='ocrx_word' id='word_1_249' title='bbox 1265 2311 1307 2353; x_wconf 95' lang='lat' dir='ltr'>C.</span> <span class='ocrx_word' id='word_1_250' title='bbox 1335 2311 1514 2354; x_wconf 84' lang='lat' dir='ltr'>Saserna</span> <span class='ocrx_word' id='word_1_251' title='bbox 1539 2327 1631 2354; x_wconf 87' lang='lat' dir='ltr'>con·</span> 
     </span>
    </p>
   </div>
   <div class='ocr_carea' id='block_1_3' title="bbox 1641 0 1669 2398">
    <p class='ocr_par' dir='ltr' id='par_1_9' title="bbox 1641 0 1669 2398">
     <span class='ocr_line' id='line_1_36' title="bbox 1641 0 1669 2398; baseline 0 -435"><span class='ocrx_word' id='word_1_252' title='bbox 1641 0 1669 2398; x_wconf 95' lang='lat' dir='ltr'>  </span> 
     </span>
    </p>
   </div>
  </div>
 </body>
</html>
