1638 2600
34 0 93 93 f

63 210 158 251 rant
188 221 212 248 a
243 209 370 261 portu
401 207 520 248 milia
550 222 751 262 passuum
778 220 843 262 VI,
874 222 982 262 equo
1015 207 1197 249 admisso
1232 207 1399 249 omissis

64 271 261 314 omnibus
293 271 418 312 rebus
446 270 638 312 celeriter
668 272 861 325 pervenit
885 272 1054 326 Leptim
1086 272 1229 326 ibique
1261 271 1399 313 horta-

63 339 150 390 tur,
188 350 333 377 omnes
365 338 414 376 ut
444 349 489 376 se
520 351 647 377 naves
680 339 1053 391 consequerentur,
1092 335 1276 391 [postea]
1310 335 1400 389 ipse

63 399 287 456 parvulum
330 400 592 454 navigiolum
637 400 897 454 conscendit,
942 401 985 441 in
1029 415 1154 442 cursu
1197 399 1400 454 Aquilam

42 464 333 516 'multitudine
360 464 532 505 navium
558 465 831 519 perterritum
851 467 978 518 atque
998 465 1279 518 trepidantem
1305 479 1398 505 nac-

61 532 130 571 tus
160 528 349 570 hostium
382 528 560 570 classem
594 530 714 584 sequi
746 529 895 583 coepit.
958 528 1134 570 Interim
1167 528 1307 570 Varus
1338 543 1399 570 ce·
1426 540 1446 569 2

60 593 227 635 leritate
266 592 457 635 Caesaris
496 594 752 648 audaciaque
790 596 1027 635 commotus
1069 608 1163 634 cum
1204 593 1402 634 universa

61 658 192 700 classe
213 658 427 699 conversis
447 659 626 700 navibus
646 658 956 700 Hadrumetum
973 672 1120 698 versus
1140 657 1286 712 fugere
1307 671 1400 698 con-

61 722 206 765 tendit.
270 720 405 771 Quem
432 721 586 764 Caesar
616 724 660 764 in
691 722 866 764 milibus
897 735 1099 776 passuum
1130 733 1178 762 lv
1207 735 1400 762 consecu-
1427 733 1448 763 3

62 790 131 829 tus
162 790 410 840 recuperata
441 788 737 842 quinqueremi
762 801 857 828 cum
884 786 972 827 suis
998 785 1195 826 omnibus
1221 785 1402 839 epibatis

62 848 188 905 atque
215 850 342 892 etiam
371 850 560 892 hostium
581 850 829 892 custodibus
850 862 973 892 CXXX
994 850 1037 891 in
1063 865 1111 891 ea
1135 864 1240 891 nave
1267 849 1402 903 captis

61 916 276 957 triremem
300 914 491 956 hostium
516 916 767 970 proximam,
800 930 906 970 quae
939 916 982 956 in
1010 914 1285 970 repugnando
1312 917 1402 955 erat

61 982 337 1033 commorata,
387 983 585 1021 onustam
629 980 839 1034 remigum
884 979 1233 1034 epibatarumque
1277 978 1400 1032 cepit.

60 1043 266 1098 Reliquae
297 1058 424 1085 naves
457 1043 646 1085 hostium
677 1044 1022 1098 promunturium
1058 1046 1311 1097 superarunt
1343 1046 1400 1083 at-
1426 1055 1449 1085 4

61 1123 140 1164 que
165 1107 476 1150 Hadrumetum
502 1109 546 1150 in
566 1109 791 1150 cothonem
812 1124 856 1150 se
875 1109 1096 1150 universae
1119 1107 1400 1149 contulerunt.

61 1172 212 1215 Caesar
237 1172 384 1214 eodem
408 1176 536 1215 vento
561 1174 906 1227 promunturium
932 1187 1130 1227 superare
1150 1187 1234 1214 non
1260 1173 1401 1227 potuit
1427 1184 1447 1214 5

61 1240 186 1292 atque
236 1237 280 1278 in
323 1237 412 1278 salo
457 1238 501 1278 in
545 1239 710 1279 ancoris
755 1238 899 1279 eadem
949 1241 1072 1279 nocte
1116 1239 1401 1278 commoratus

60 1303 196 1358 prima
224 1301 318 1343 luce
343 1301 654 1343 Hadrumetum
687 1302 846 1343 accedit
878 1302 1021 1356 ibique
1053 1302 1233 1342 navibus
1260 1316 1402 1342 onera-

60 1368 152 1422 riis,
191 1381 297 1422 quae
329 1370 450 1407 erant
481 1369 602 1408 extra
633 1367 872 1421 cothonem,
904 1366 1087 1407 incensis
1119 1366 1401 1420 omnibusque

60 1431 233 1486 reliquis
255 1431 306 1471 ab
337 1431 388 1471 iis
410 1434 483 1472 aut
503 1431 724 1473 subductis
751 1434 824 1472 aut
849 1431 893 1472 in
919 1430 1144 1472 cothonem
1171 1431 1401 1485 compulsis

61 1496 274 1553 paulisper
305 1499 602 1550 commoratus,
634 1496 670 1537 si
701 1496 810 1537 forte
836 1495 997 1537 vellent
1023 1495 1156 1537 classe
1189 1495 1402 1550 dimicare,

61 1575 205 1603 rursus
237 1575 281 1601 se
314 1560 474 1614 recepit
505 1560 550 1600 in
582 1562 733 1601 castra.

43 1630 46 1632 ’
146 1623 323 1666 LXHII.
376 1623 427 1665 In
459 1639 508 1666 ea
538 1639 643 1666 nave
676 1628 826 1679 captus
858 1628 922 1667 est
953 1625 998 1666 P.
1031 1624 1241 1679 Vestrius,
1273 1640 1401 1679 eques
1429 1637 1445 1667 1

60 1691 288 1744 Romanus,
320 1692 362 1731 et
393 1689 438 1730 P.
470 1689 669 1744 Ligarius
701 1690 979 1744 Afranianus,
1014 1704 1140 1744 quem
1174 1689 1326 1731 Caesar
1357 1690 1401 1731 in

60 1754 267 1809 Hispania
292 1768 387 1795 cum
414 1753 589 1808 reliquis
617 1754 846 1808 dimiserat,
878 1757 919 1795 et
950 1757 1098 1808 postea
1130 1769 1173 1795 se
1200 1755 1252 1794 ad
1277 1754 1400 1795 Pom-

61 1820 200 1875 peium
240 1818 495 1872 contulerat,
537 1818 633 1859 inde
672 1834 723 1860 ex
762 1819 923 1873 proelio
963 1819 1170 1874 effugerat
1209 1820 1253 1860 in
1288 1818 1400 1860 Afri-

61 1899 233 1939 camque
272 1884 324 1924 ad
355 1882 518 1925 Varum
556 1886 746 1938 venerat3
788 1899 913 1938 quem
953 1883 1005 1924 ob
1043 1884 1278 1937 periurium
1310 1898 1399 1938 per-

60 1948 285 2003 fidiamque
306 1947 458 1989 Caesar
483 1948 609 1989 iussit
634 1949 785 1990 necari.
835 1948 881 1990 P.
901 1947 1073 1990 Vestrio
1101 1951 1254 2002 autem,
1287 1949 1400 2002 quod
1427 1960 1446 1989 2

62 2013 150 2054 eius
185 2013 316 2053 frater
353 2012 513 2054 Romae
550 2013 772 2067 pecuniam
812 2014 1062 2067 imperatam
1094 2015 1400 2066 numeraverat,

61 2080 103 2118 et
139 2077 251 2131 quod
287 2078 378 2132 ipse
416 2091 536 2119 suam
574 2091 743 2119 causam
780 2077 1034 2132 probaverat
1070 2076 1257 2130 Caesari,
1302 2092 1345 2117 se
1377 2091 1401 2117 a

60 2139 224 2183 Nasidii
256 2141 388 2183 classe
421 2145 603 2196 captum,
635 2157 731 2183 cum
764 2143 816 2183 ad
847 2157 991 2183 necem
1018 2142 1251 2195 duceretur,
1278 2141 1398 2182 bene-

60 2205 154 2247 ficio
181 2206 284 2248 Vari
310 2220 399 2248 esse
426 2210 653 2261 servatum,
684 2210 832 2261 postea
857 2207 937 2248 sibi
964 2206 1210 2247 facultatem
1237 2205 1399 2246 nullam

61 2269 200 2311 datam
232 2272 495 2326 transeundi,
527 2272 702 2326 ignovit.

146 2334 273 2377 LXV.
328 2335 409 2376 Est
440 2336 483 2377 in
514 2335 661 2377 Africa
693 2336 952 2377 consuetudo
985 2335 1236 2389 incolarum,
1274 2338 1322 2376 ut
1353 2335 1396 2376 in
1425 2347 1442 2377 1

558 111 657 146 CAP.
684 111 918 147 LXI—LXV.
1345 112 1402 153 85
