1638 2600
524 122 624 157 CAP.
651 123 925 158 XVI—XVIIII.
1341 125 1393 166 13

61 221 249 273 tempore
280 221 322 259 et
353 232 405 259 ex
435 219 559 260 tectis
598 218 885 261 aedificiorum
916 221 1243 276 propugnabant
1273 222 1316 262 et
1346 219 1394 260 li-

60 286 155 324 tora
184 283 334 323 armati
366 282 657 338 defendebant,
690 298 772 338 quo
804 287 978 338 propter
1009 285 1280 339 asperitatem
1312 283 1394 325 loci

60 361 146 389 non
174 347 312 388 facilis
343 347 501 389 nostris
534 348 672 389 aditus
705 347 894 402 dabatur,
925 352 968 390 et
999 349 1167 404 scaphis
1198 349 1394 390 navibus-

61 426 142 466 que
170 411 311 466 longis
338 411 524 466 quinque
549 412 766 453 mobiliter
790 414 833 453 et
864 412 1048 453 scienter
1068 413 1286 468 angustias
1310 412 1393 454 loci

59 475 297 517 tuebantur.
360 474 442 517 Sed
485 476 559 517 ubi
599 476 784 530 primum
823 475 928 518 locis
969 478 1153 531 cognitis
1190 477 1393 532 vadisque

58 540 353 595 pertemptatis
390 541 514 594 pauci
551 541 687 582 nostri
718 540 761 581 in
797 539 922 581 litore
955 542 1237 583 constiterunt
1268 545 1394 596 atque

57 603 136 646 hos
173 606 273 645 sunt
310 604 383 646 alii
421 606 637 647 subsecuti
676 607 1001 659 constanterque
1039 605 1083 646 in
1115 620 1204 660 eos,
1245 607 1318 661 qui
1349 607 1393 647 in

57 667 182 710 litore
209 683 342 723 aequo
375 669 631 724 institerant,
657 669 863 723 impetum
887 668 1089 723 fecerunt,
1116 683 1262 711 omnes
1287 670 1393 711 Pha-

57 733 162 775 ritae
202 735 323 788 terga
359 737 588 775 verterunt.
648 732 729 774 His
766 732 900 787 pulsis
927 766 935 774 .
956 767 993 774 ..
1021 734 1213 775 custodia
1243 738 1392 788 portus

57 796 205 838 relicta
235 812 362 840 naves
395 799 447 839 ad
477 798 605 840 litora
636 800 678 839 et
708 797 848 838 vicum
883 797 1149 852 adplicarunt
1180 812 1309 852 seque
1341 813 1393 840 ex

57 861 236 903 navibus
269 862 321 903 ad
351 863 508 904 tuenda
539 862 729 904 aedificia
760 861 982 903 eiecerunt.

144 925 303 968 XVIII.
338 926 488 982 Neque
520 941 618 968 vero
652 927 811 968 diutius
843 942 891 968 ea
921 928 1158 970 munitione
1190 944 1234 971 se
1260 929 1391 970 conti-

56 1005 155 1032 nere
186 994 437 1045 potuerunt,
469 991 548 1033 etsi
580 994 670 1032 erat
700 1005 786 1031 non
818 990 1022 1032 dissimile
1054 994 1180 1045 atque
1210 991 1391 1033 Alexan-

57 1055 172 1097 driae
203 1070 335 1111 genus
368 1056 671 1110 aedificiorum,
712 1058 761 1096 ut
791 1055 957 1096 minora
990 1056 1223 1097 maioribus
1255 1056 1391 1098 confe-

55 1123 224 1174 rantur,
272 1123 494 1175 turresque
538 1120 674 1162 editae
718 1122 760 1161 et
803 1120 1051 1161 coniunctae
1094 1121 1206 1161 muri
1251 1120 1392 1162 locum

56 1183 322 1238 obtinebant,
362 1199 497 1238 neque
536 1185 672 1225 nostri
710 1187 782 1224 aut
819 1184 943 1225 scalis
982 1187 1056 1225 aut
1093 1185 1278 1226 cratibus
1319 1188 1392 1226 aut

1420 486 1439 517 5

1419 745 1439 774 (3

1421 938 1437 967 1

55 1248 231 1302 reliquis
262 1248 388 1289 rebus
419 1249 557 1302 parati
587 1251 790 1290 venerant
821 1248 873 1288 ad
905 1250 1246 1304 oppugnandum.
1310 1248 1391 1290 Sed
1418 1261 1437 1290 -2

56 1315 193 1354 terror
215 1312 461 1354 hominibus
486 1315 672 1354 mentem
705 1312 1013 1367 consiliumque
1045 1314 1172 1368 eripit
1197 1317 1239 1355 et
1263 1329 1391 1355 mem-

56 1375 133 1418 bra
169 1376 380 1432 debilitat3
420 1379 469 1418 ut
505 1379 598 1418 tum
636 1376 798 1418 accidit.
861 1376 943 1426 Qui
981 1393 1024 1419 se
1056 1379 1101 1419 in
1133 1393 1265 1433 aequo
1296 1379 1390 1420 1000

58 1455 105 1482 ac
133 1440 260 1495 plano
296 1455 419 1495 pares
452 1456 542 1483 esse
574 1441 858 1496 confidebant,
899 1442 1011 1483 idem
1042 1442 1259 1496 perterriti
1289 1442 1391 1497 fuga

57 1520 230 1548 suorum
267 1508 310 1547 et
349 1506 472 1547 caede
508 1521 740 1561 paucorum
771 1517 867 1547 XXX
903 1506 1060 1560 pedum
1091 1506 1315 1548 altitudine
1346 1508 1390 1549 in

58 1570 258 1612 aedificiis
284 1570 515 1612 consistere
541 1571 633 1612 ausi
658 1584 744 1611 non
775 1573 875 1612 sunt
906 1586 1035 1625 seque
1066 1586 1142 1625 per
1165 1571 1321 1613 molem
1346 1572 1390 1613 in

56 1651 171 1678 mare
206 1637 591 1691 praecipitaverunt
628 1638 670 1677 et
700 1646 848 1677 DCCCC
885 1650 1088 1690 passuum
1119 1636 1389 1678 intervallum

58 1702 110 1744 ad
146 1701 348 1756 oppidum
385 1703 672 1743 enataverunt.
733 1700 860 1741 Multi
897 1703 1040 1743 tamen
1078 1716 1130 1742 ex
1167 1701 1236 1743 his
1278 1702 1390 1756 capti

57 1766 350 1821 interfectique
393 1768 509 1820 sunt3
554 1765 627 1806 sed
668 1779 869 1807 numerus
910 1766 1175 1820 captivorum
1216 1767 1388 1808 omnino

55 1830 139 1872 fuit
168 1844 241 1871 sex
271 1830 448 1871 milium.

141 1893 322 1936 XVIHI.
372 1894 524 1936 Caesar
554 1894 709 1948 praeda
733 1894 943 1936 militibus
969 1909 1168 1937 concessa
1198 1896 1389 1937 aedificia

59 1959 182 2014 diripi
212 1959 338 2000 iussit
363 1959 666 2013 castellumque
697 1959 749 2000 ad
780 1962 965 2014 pontem,
997 1961 1070 2015 qui
1100 1961 1275 2015 propior
1300 1964 1390 2002 erat

56 2022 207 2078 Pharo,
238 2024 515 2066 communivit
541 2027 668 2079 atque
693 2025 754 2066 ibi
780 2024 1039 2079 praesidium
1064 2026 1219 2080 posuit.
1262 2024 1388 2066 Hunc

56 2087 157 2142 fuga
185 2087 383 2129 Pharitae
415 2088 692 2144 reliquerant3
726 2089 946 2131 fortiorem
978 2090 1100 2131 illum
1130 2090 1388 2144 propiorem-

58 2165 138 2207 que
168 2152 323 2206 oppido
354 2152 634 2194 Alexandrini
671 2154 909 2196 tuebantur.
974 2153 1056 2196 Sed
1087 2169 1183 2195 eum
1217 2156 1388 2207 postero

0 2247 1 2251 ,
57 2215 123 2257 die
148 2216 277 2257 simili
302 2217 464 2259 ratione
490 2217 747 2273 adgreditur,
780 2219 894 2273 quod
917 2218 985 2260 his
1012 2218 1197 2260 obtentis
1225 2218 1389 2260 duobus

57 2293 223 2321 omnem
263 2281 529 2336 navigiorum
571 2297 794 2324 excursum
832 2286 874 2324 et
911 2284 1131 2337 repentina
1167 2282 1390 2324 latrocinia

0 2383 2 2386 ,
56 2343 269 2386 sublatum
300 2345 354 2387 iri
380 2346 562 2388 videbat.
622 2345 797 2402 Iamque
830 2362 913 2402 eos,
946 2348 1018 2402 qui
1049 2346 1260 2402 praesidio
1293 2362 1389 2388 eum

1415 2358 1435 2388 3
