1669 2574
272 117 355 156 100
716 113 910 147 BELLUM
935 113 1159 148 AFRICUM.

222 222 241 252 5
268 210 492 252 interemit.
538 209 671 257 Quem
689 207 914 249 Uticenses
941 223 1195 262 quamquam
1221 209 1396 250 oderant
1420 210 1602 263 partium
1656 214 1658 241 !

269 276 418 330 gratia,
449 277 591 314 tamen
622 275 796 327 propter
827 273 917 314 eius
949 272 1206 327 singularem
1232 273 1532 328 integritatem,
1562 277 1603 317 et
1656 306 1658 324 z

270 339 381 393 quod
414 337 722 379 dissimillimus
754 337 1013 390 reliquorum
1047 337 1199 378 ducum
1235 338 1374 379 fuerat
1411 338 1602 392 quodque
1656 325 1658 399 Ξ

268 403 439 444 Uticam
464 401 655 442 mirificis
682 401 880 455 operibus
899 401 1110 441 munierat
1129 402 1401 456 turribusque
1421 405 1612 458 auxerat,
1654 405 1658 453 f

223 478 242 508 6
269 467 486 521 sepultura
523 465 735 506 adficiunt.
798 464 890 514 Quo
928 465 1150 506 interfecto
1187 465 1233 506 L.
1267 465 1419 508 Caesar
1455 468 1504 508 ut
1534 467 1602 508 ali·
1655 461 1657 521 j

269 531 370 585 quid
408 530 489 571 sibi
528 545 579 571 ex
617 544 665 570 ea
701 544 746 571 re
783 529 931 570 auxilii
968 532 1136 583 pararet
1177 532 1405 572 convocato
1448 531 1603 584 populo
1655 527 1657 547 ‘

269 595 463 636 contione
505 593 652 634 habita
695 593 941 635 cohortatur
985 608 1148 649 omnes,
1195 597 1244 636 ut
1285 597 1432 650 portae
1476 596 1604 649 aperi·
1654 627 1656 655 Ι

267 662 430 700 rentur:
481 674 524 700 se
574 659 617 699 in
663 657 704 699 C.
745 657 934 700 Caesaris
979 658 1201 700 clementia
1243 673 1441 714 magnam
1490 674 1605 713 spem
1654 659 1656 677 ¹

225 735 243 764 7
270 724 434 765 habere.
496 721 645 777 Itaque
682 723 818 776 portis
856 722 1078 776 patefactis
1115 722 1242 765 Utica
1278 737 1471 779 egressus
1510 722 1605 766 Cae·

269 788 354 829 sari
385 787 630 842 imperatori
662 787 830 828 obviam
861 787 1154 841 proficiscitur.
1216 787 1409 842 Messala,
1440 790 1489 829 ut
1519 791 1606 830 erat
1654 791 1655 833 ἶ

270 853 534 906 imperatum,
568 850 740 893 Uticam
771 851 964 905 pervenit
996 852 1274 906 omnibusque
1304 853 1440 906 portis
1472 854 1605 894 custo·
1654 850 1655 894 ἶ

270 917 358 958 dias
390 917 521 971 ponit.
1654 951 1655 971 Ι

224 993 239 1022 1
357 979 657 1021 LXXXVIIII.
712 979 864 1020 Caesar
889 980 1059 1021 interim
1085 981 1137 1021 ab
1163 980 1332 1035 Thapso
1358 995 1606 1036 progressus

268 1044 438 1086 Uzitam
469 1044 679 1098 pervenit,
716 1043 791 1084 ubi
827 1042 968 1098 Scipio
1000 1057 1202 1098 magnum
1232 1044 1435 1086 frumenti
1466 1059 1606 1087 nume·
1652 1043 1655 1090 ἶ

268 1123 374 1163 rum,
401 1123 626 1162 armorum,
652 1107 833 1149 telorum
855 1111 1171 1163 ceterarumque
1196 1123 1337 1150 rerum
1363 1124 1458 1151 cum
1477 1124 1606 1164 parvo
1651 1149 1654 1175 Ι

223 1186 241 1215 2
269 1173 477 1226 praesidio
509 1172 726 1214 habuerat.
787 1171 837 1213 Id
868 1173 1094 1214 adveniens
1124 1173 1305 1227 potitur,
1343 1173 1490 1215 deinde
1523 1173 1606 1215 Ha·
1652 1211 1653 1225 ,

270 1237 509 1278 drumetum
546 1237 749 1291 pervenit.
818 1236 910 1286 Quo
949 1252 1044 1278 cum
1086 1237 1175 1279 sine
1218 1252 1336 1279 mora
1378 1238 1606 1293 introisset,

269 1302 415 1355 armis,
464 1302 677 1342 frumento
727 1302 989 1356 pecuniaque
1035 1302 1298 1344 considerata
1341 1301 1387 1351 Q.
1423 1301 1606 1358 Ligario,
1650 1297 1653 1338 l

269 1365 311 1407 C.
339 1365 537 1407 Considio
569 1367 670 1420 filio,
704 1367 776 1421 qui
808 1369 899 1407 tum
931 1367 990 1408 ibi
1022 1367 1201 1421 fuerant,
1231 1367 1363 1408 vitam
1390 1368 1605 1409 concessit.

222 1444 241 1473 3
269 1431 432 1472 Deinde
458 1431 604 1472 eodem
631 1432 696 1472 die
722 1430 985 1472 Hadrumeto
1018 1445 1212 1486 egressus
1230 1430 1421 1472 Livineio
1440 1430 1605 1486 Regulo
1650 1455 1652 1490 Ι

221 1508 241 1537 4
269 1511 363 1537 cum
394 1496 562 1550 legione
594 1495 653 1536 ibi
684 1495 832 1536 relicto
864 1494 1036 1537 Uticam
1067 1496 1128 1536 ire
1159 1495 1386 1536 contendit.
1449 1494 1526 1537 Cui
1563 1496 1604 1537 in

268 1560 418 1601 itinere
462 1560 512 1600 fit
555 1560 705 1601 obvius
748 1558 794 1600 L.
834 1559 985 1601 Caesar
1028 1561 1070 1601 et
1112 1559 1253 1600 subito
1298 1574 1341 1600 se
1382 1559 1435 1600 ad
1471 1573 1606 1614 genua

266 1625 444 1679 proiecit
486 1625 701 1678 vitamque
747 1624 829 1665 sibi
874 1639 1009 1678 neque
1053 1623 1234 1677 amplius
1278 1624 1503 1678 quicquam
1541 1624 1605 1665 de·
1649 1641 1651 1663 1

222 1700 241 1729 5
268 1692 474 1743 precatur.
538 1688 615 1730 Cui
649 1688 801 1730 Caesar
831 1689 953 1730 facile
985 1691 1028 1730 et
1058 1703 1134 1743 pro
1166 1690 1318 1737 natura
1349 1702 1425 1729 sua
1454 1690 1496 1729 et
1528 1702 1603 1743 pro

267 1754 465 1795 instituto
493 1754 716 1808 concessit,
748 1753 860 1794 idem
893 1752 1111 1808 Caecinae,
1144 1751 1187 1794 C.
1218 1752 1362 1806 Ateio,
1393 1751 1437 1793 P.
1469 1751 1604 1807 Atrio,
1647 1760 1654 1811 ἒΞ

265 1817 311 1858 L.
339 1818 477 1859 Cellae
509 1819 621 1872 patri
653 1820 695 1860 et
725 1818 832 1872 filio,
864 1817 919 1858 M.
945 1817 1104 1872 Eppio,
1135 1816 1191 1858 M.
1213 1815 1414 1871 Aquinio,
1433 1815 1603 1858 Catonis
1646 1835 1650 1849 ν

266 1882 354 1923 filio
387 1881 720 1936 Damasippique
751 1882 897 1923 liberis
929 1897 981 1923 ex
1012 1896 1088 1923 sua
1119 1881 1420 1923 consuetudine
1454 1881 1604 1922 tribuit
1651 1899 1658 1915 -ι

267 1947 518 2000 circiter-que
554 1946 787 1987 luminibus
827 1946 1012 1988 accensis
1043 1944 1214 1986 Uticam
1250 1945 1443 2000 pervenit
1479 1947 1603 1999 atque

267 2014 386 2052 extra
418 2010 620 2065 oppidum
653 2026 701 2051 ea
732 2013 854 2052 nocte
886 2010 1053 2052 mansit.

222 2088 238 2117 1
354 2075 562 2116 LXXXX.
630 2074 805 2117 Postero
845 2075 910 2116 die
948 2089 1070 2116 mane
1108 2075 1152 2116 in
1195 2075 1396 2129 oppidum
1440 2075 1602 2116 introiit

267 2140 545 2194 contioneque
573 2139 773 2180 advocata
798 2138 1020 2181 Uticenses
1046 2139 1204 2181 incolas
1236 2139 1480 2181 cohortatus
1513 2154 1602 2194 gra·
1642 2149 1667 2203 Ι.

266 2205 347 2245 tias
378 2219 454 2258 pro
488 2218 632 2245 eorum
665 2218 765 2259 erga
796 2219 839 2245 se
878 2204 1018 2245 studio
1057 2204 1162 2258 agit,
1201 2204 1311 2244 cives
1351 2206 1490 2245 autem
1521 2203 1600 2245 Ro·
1641 2207 1646 2260 Ι

266 2283 412 2309 manos
457 2268 743 2322 negotiatores
788 2270 829 2309 et
873 2282 960 2322 eos,
1011 2269 1083 2323 qui
1126 2269 1236 2310 inter
1280 2280 1362 2310 000
1405 2269 1600 2323 pecunias
1641 2261 1646 2337 Ι

267 2332 531 2374 contulerant
563 2331 677 2373 Varo
711 2334 752 2373 et
785 2331 990 2386 Scipioni,
1028 2332 1174 2374 multis
1212 2333 1350 2374 verbis
1387 2335 1600 2375 accusatos
1640 2340 1645 2398 Ι

1638 2404 1669 2574 l..
