1638 2600
659 121 915 158 CAP.H-4V.
1384 120 1466 162 109

114 221 267 277 vigiles
300 236 386 263 non
419 222 619 275 poterant
645 218 910 274 diligentiam
944 221 1170 272 praestare,
1202 218 1358 272 partim
1391 216 1464 258 illo

116 300 320 342 responso
372 285 705 327 deterrebantur.
780 282 886 324 Cum
932 283 983 324 ad
1029 286 1196 337 portam
1240 282 1465 337 adpropin-
1493 294 1513 321 8

118 354 333 408 quassent,
364 351 487 406 signo
522 350 620 392 dato
653 349 705 390 ab
737 348 962 403 oppidanis
995 352 1094 390 sunt
1126 348 1296 402 recepti,
1324 350 1367 388 et
1398 362 1465 401 pe-

118 418 225 459 dites
282 416 467 471 [equites
520 415 703 456 clamore
756 412 888 467 facto]
948 412 1144 467 dispositi
1200 412 1356 466 partim
1406 412 1466 452 ibi

117 483 428 535 remanserunt,
467 480 632 535 equites
664 478 846 520 clamore
878 477 990 518 facto
1024 478 1290 531 eruptionem
1323 478 1366 518 in
1398 477 1465 518 ad-

117 547 403 589 versariorum
449 548 588 587 castra
624 544 827 585 fecerunt.
897 541 966 583 Sic
1005 543 1047 584 in
1087 542 1160 584 illo
1199 543 1330 595 facto,
1369 556 1465 583 cum
1492 553 1511 583 9

117 611 398 653 inscientibus
432 610 668 663 accidisset,
700 608 947 650 existimant
980 607 1149 662 [prope]
1182 621 1337 662 magna
1368 621 1466 661 pars

116 677 359 730 hominnm,
398 676 471 730 qui
510 676 553 716 in
591 674 659 715 his
697 673 846 715 castris
883 672 1083 726 fuissent,
1122 687 1165 714 se
1204 687 1335 727 prope
1373 687 1465 727 cap-

117 745 185 784 tos
217 756 321 783 esse.

206 805 304 848 ΙΠΙ.
366 805 459 847 Hoc
503 805 633 846 misso
673 804 724 845 ad
762 803 906 846 Uliam
950 803 1161 857 praesidio
1201 801 1371 856 Caesar,
1417 806 1465 843 ut
1494 814 1510 843 1

117 872 371 926 Pompeium
410 871 461 912 ab
502 886 550 912 ea
589 869 908 924 oppugnatione
946 868 1187 922 deduceret,
1226 867 1278 908 ad
1310 866 1465 908 Cordu-

116 937 215 978 bam
259 935 490 989 contendit,
534 950 586 976 ex
632 949 715 989 quo
763 934 913 976 itinere
951 933 1150 975 loricatos
1189 933 1303 974 viros
1341 933 1465 974 fortis

117 1017 213 1044 cum
240 1002 434 1057 equitatu
461 1003 558 1042 ante
584 1000 815 1055 praemisit.
861 998 944 1049 Qui
969 998 1098 1040 simul
1123 998 1166 1039 in
1190 1000 1465 1052 conspectum
1492 1010 1512 1040 2

119 1067 266 1122 oppidi
298 1082 342 1108 se
375 1066 592 1119 dederunt,
625 1080 720 1106 cum
753 1064 873 1119 equis
906 1064 1180 1118 recipiuntur,
1210 1063 1292 1104 hoc
1318 1078 1342 1104 a
1368 1062 1466 1104 Cor-

119 1132 380 1174 dubensibus
424 1145 692 1185 nequaquam
739 1132 907 1184 poterat
945 1128 1234 1170 animadverti.
1302 1127 1466 1182 Adpro-

118 1197 426 1252 pinquantibus
453 1211 504 1237 ex
531 1194 686 1249 oppido
708 1195 813 1236 bene
840 1208 995 1249 magna
1020 1193 1251 1234 multitudo
1278 1193 1330 1234 ad
1353 1194 1466 1248 equi-

116 1266 255 1304 tatum
293 1261 599 1303 concidendum
638 1274 734 1301 cum
773 1259 980 1313 exissent,
1022 1258 1207 1312 loricati,
1251 1260 1300 1299 ut
1338 1272 1467 1312 supra

116 1327 377 1381 scripsimus,
403 1340 454 1367 ex
480 1324 601 1379 equis
628 1324 935 1366 descenderunt
961 1326 1003 1366 et
1026 1337 1229 1378 magnum
1256 1322 1465 1377 proelium

115 1393 320 1445 fecerunt,
346 1391 407 1432 sic
432 1390 497 1431 uti
523 1405 574 1431 ex
600 1389 768 1431 infinita
793 1389 1016 1430 hominum
1043 1388 1317 1430 multitudine
1342 1389 1466 1443 pauci

116 1458 160 1499 in
193 1457 397 1512 oppidum
429 1470 474 1497 se
505 1455 752 1509 reciperent.
815 1454 909 1496 Hoc
940 1454 1093 1495 timore
1129 1453 1336 1495 adductus
1370 1452 1465 1495 Sex.
1493 1466 1512 1495 3

115 1523 345 1578 Pompeius
388 1521 554 1563 litteras
591 1520 715 1562 fratri
753 1520 889 1574 misit,
933 1522 981 1560 ut
1019 1518 1212 1560 celeriter
1249 1518 1332 1560 sibi
1370 1519 1466 1560 sub-

117 1589 225 1630 sidio
251 1588 427 1642 veniret,
459 1602 511 1628 ne
536 1586 656 1641 prius
684 1584 838 1626 Caesar
865 1583 1105 1626 Cordubam
1132 1586 1313 1638 caperet,
1339 1599 1466 1639 quam

116 1655 207 1709 ipse
251 1653 325 1695 illo
363 1653 560 1694 venisset.
628 1649 778 1705 Itaque
817 1649 889 1691 Cn.
929 1649 1158 1704 Pompeius
1196 1648 1297 1690 Ulia
1333 1664 1466 1704 prope
1491 1661 1514 1692 4

117 1722 242 1774 capta
277 1718 434 1759 litteris
468 1716 615 1758 fratris
648 1715 812 1757 excitus
845 1730 941 1756 cum
974 1715 1107 1769 copiis
1141 1714 1193 1755 ad
1225 1713 1466 1756 Cordubam

117 1784 199 1825 iter
231 1783 369 1824 facere
402 1782 553 1836 coepit.

206 1847 257 1889 V.
312 1847 475 1901 Caesar,
508 1861 604 1888 cum
636 1846 689 1887 ad
720 1846 879 1887 fiumen
911 1844 1079 1886 Baetim
1110 1845 1298 1886 venisset
1329 1859 1466 1900 neque
1494 1857 1511 1887 1

118 1917 293 1969 propter
324 1912 594 1954 altitudinem
627 1911 816 1952 fluminis
849 1910 1030 1952 transire
1065 1912 1222 1964 posset,
1252 1909 1466 1964 lapidibus

117 1979 265 2022 corbes
297 1978 445 2033 plenos
478 1977 666 2019 demisit:
705 1977 880 2030 insuper
910 1976 1033 2030 ponit
1058 1975 1218 2030 trabes3
1251 1975 1311 2016 ita
1337 1978 1466 2030 ponte

117 2045 230 2086 facto
256 2044 400 2098 copias
421 2043 474 2084 ad
500 2045 639 2084 castra
664 2041 882 2096 tripertito
909 2040 1111 2082 traduxit.
1155 2039 1374 2082 Tendebat
1400 2040 1467 2082 ad·
1495 2052 1514 2082 2

118 2124 265 2151 versus
298 2108 503 2163 oppidum
540 2123 561 2149 e
590 2107 764 2163 regione
790 2106 946 2161 pontis,
978 2108 1026 2147 ut
1052 2120 1180 2160 supra
1206 2106 1467 2159 scripsimus,

118 2175 343 2229 tripertito.
397 2173 492 2215 Hoc
525 2188 621 2215 cum
653 2172 884 2226 Pompeius
918 2186 1012 2213 cum
1045 2170 1133 2212 suis
1167 2170 1299 2225 copiis
1332 2171 1466 2212 venis-

120 2242 202 2292 set,
233 2254 285 2280 ex
317 2239 491 2280 adverso
523 2238 617 2293 pari
648 2237 812 2279 ratione
845 2239 983 2278 castra
1014 2236 1147 2290 ponit.
1210 2234 1379 2289 Caesar,
1417 2239 1465 2277 ut
1492 2248 1512 2277 3

120 2318 216 2345 eum
249 2304 299 2346 ab
332 2304 487 2358 oppido
520 2306 842 2357 commeatuque
875 2301 1128 2355 excluderet,
1158 2299 1381 2342 brachium
1414 2301 1466 2342 ad

119 2371 292 2423 pontem
338 2368 487 2410 ducere
532 2368 682 2423 coepit.
754 2367 853 2409 Pari
898 2366 1008 2408 idem
1053 2365 1298 2407 condicione
1342 2365 1466 2407 Pom-
