<?xml version="1.0" encoding="UTF-8"?>
<!DOCTYPE html PUBLIC "-//W3C//DTD XHTML 1.0 Transitional//EN"
    "http://www.w3.org/TR/xhtml1/DTD/xhtml1-transitional.dtd">
<html xmlns="http://www.w3.org/1999/xhtml" xml:lang="en" lang="en">
 <head>
  <title>
</title>
<meta http-equiv="Content-Type" content="text/html;charset=utf-8" />
  <meta name='ocr-system' content='tesseract 3.04.00' />
  <meta name='ocr-capabilities' content='ocr_page ocr_carea ocr_par ocr_line ocrx_word'/>
</head>
<body>
  <div class='ocr_page' id='page_1' title='image "./commentarii03caesuoft_0145.png"; bbox 0 0 1638 2600; ppageno 0'>
   <div class='ocr_carea' id='block_1_1' title="bbox 459 98 1394 144">
    <p class='ocr_par' dir='ltr' id='par_1_1' title="bbox 459 98 1394 144">
     <span class='ocr_line' id='line_1_1' title="bbox 459 98 1394 144; baseline 0.004 -10"><span class='ocrx_word' id='word_1_1' title='bbox 459 98 558 135; x_wconf 83' lang='lat' dir='ltr'>CAP.</span> <span class='ocrx_word' id='word_1_2' title='bbox 585 99 988 136; x_wconf 79' lang='lat' dir='ltr'>LXXXII—LXXXVI.</span> <span class='ocrx_word' id='word_1_3' title='bbox 1340 103 1364 144; x_wconf 85' lang='lat'>9</span> <span class='ocrx_word' id='word_1_4' title='bbox 1372 104 1394 144; x_wconf 83' lang='lat'><strong>7</strong></span> 
     </span>
    </p>
   </div>
   <div class='ocr_carea' id='block_1_2' title="bbox 51 193 1442 2302">
    <p class='ocr_par' dir='ltr' id='par_1_2' title="bbox 51 193 1442 2302">
     <span class='ocr_line' id='line_1_2' title="bbox 58 193 1396 252; baseline 0.001 -14"><span class='ocrx_word' id='word_1_5' title='bbox 58 193 236 238; x_wconf 85' lang='lat' dir='ltr'>salutem</span> <span class='ocrx_word' id='word_1_6' title='bbox 269 195 351 237; x_wconf 82' lang='lat' dir='ltr'>sibi</span> <span class='ocrx_word' id='word_1_7' title='bbox 382 198 592 250; x_wconf 89' lang='lat' dir='ltr'>pararent,</span> <span class='ocrx_word' id='word_1_8' title='bbox 624 196 908 251; x_wconf 85' lang='lat' dir='ltr'>egrediuntur,</span> <span class='ocrx_word' id='word_1_9' title='bbox 940 200 1065 252; x_wconf 88' lang='lat' dir='ltr'>atque</span> <span class='ocrx_word' id='word_1_10' title='bbox 1097 198 1158 239; x_wconf 84' lang='lat' dir='ltr'>ita</span> <span class='ocrx_word' id='word_1_11' title='bbox 1181 212 1256 252; x_wconf 90' lang='lat' dir='ltr'>per</span> <span class='ocrx_word' id='word_1_12' title='bbox 1281 213 1396 239; x_wconf 89' lang='lat' dir='ltr'>mare</span> 
     </span>
     <span class='ocr_line' id='line_1_3' title="bbox 57 259 1442 314; baseline 0.002 -13"><span class='ocrx_word' id='word_1_13' title='bbox 57 259 248 302; x_wconf 83' lang='lat' dir='ltr'><strong>umbilici</strong></span> <span class='ocrx_word' id='word_1_14' title='bbox 279 259 363 300; x_wconf 87' lang='lat' dir='ltr'>fine</span> <span class='ocrx_word' id='word_1_15' title='bbox 394 260 576 314; x_wconf 87' lang='lat' dir='ltr'>ingressi</span> <span class='ocrx_word' id='word_1_16' title='bbox 608 263 764 301; x_wconf 89' lang='lat' dir='ltr'>terram</span> <span class='ocrx_word' id='word_1_17' title='bbox 791 261 1003 314; x_wconf 86' lang='lat' dir='ltr'>petebant.</span> <span class='ocrx_word' id='word_1_18' title='bbox 1055 261 1136 312; x_wconf 86' lang='lat' dir='ltr'>Qui</span> <span class='ocrx_word' id='word_1_19' title='bbox 1163 277 1187 303; x_wconf 89' lang='lat' dir='ltr'>a</span> <span class='ocrx_word' id='word_1_20' title='bbox 1211 263 1395 304; x_wconf 86' lang='lat' dir='ltr'>servitiis</span> <span class='ocrx_word' id='word_1_21' title='bbox 1422 274 1442 304; x_wconf 82' lang='lat'><strong>2</strong></span> 
     </span>
     <span class='ocr_line' id='line_1_4' title="bbox 56 324 1396 381; baseline 0.002 -15"><span class='ocrx_word' id='word_1_22' title='bbox 56 324 293 380; x_wconf 91' lang='lat' dir='ltr'>puerisque,</span> <span class='ocrx_word' id='word_1_23' title='bbox 326 325 399 379; x_wconf 87' lang='lat' dir='ltr'>qui</span> <span class='ocrx_word' id='word_1_24' title='bbox 431 325 473 366; x_wconf 90' lang='lat' dir='ltr'>in</span> <span class='ocrx_word' id='word_1_25' title='bbox 507 325 657 366; x_wconf 87' lang='lat' dir='ltr'>castris</span> <span class='ocrx_word' id='word_1_26' title='bbox 689 327 820 379; x_wconf 84' lang='lat' dir='ltr'>erant,</span> <span class='ocrx_word' id='word_1_27' title='bbox 850 325 1063 380; x_wconf 82' lang='lat' dir='ltr'>lapidibus</span> <span class='ocrx_word' id='word_1_28' title='bbox 1094 327 1278 381; x_wconf 90' lang='lat' dir='ltr'>pilisque</span> <span class='ocrx_word' id='word_1_29' title='bbox 1302 342 1396 381; x_wconf 91' lang='lat' dir='ltr'>pro-</span> 
     </span>
     <span class='ocr_line' id='line_1_5' title="bbox 55 387 1395 446; baseline 0.002 -16"><span class='ocrx_word' id='word_1_30' title='bbox 55 387 181 430; x_wconf 90' lang='lat' dir='ltr'>hibiti</span> <span class='ocrx_word' id='word_1_31' title='bbox 218 392 374 430; x_wconf 88' lang='lat' dir='ltr'>terram</span> <span class='ocrx_word' id='word_1_32' title='bbox 412 389 620 444; x_wconf 84' lang='lat' dir='ltr'>attingere</span> <span class='ocrx_word' id='word_1_33' title='bbox 658 403 804 430; x_wconf 86' lang='lat' dir='ltr'>rursus</span> <span class='ocrx_word' id='word_1_34' title='bbox 842 404 885 430; x_wconf 93' lang='lat' dir='ltr'>se</span> <span class='ocrx_word' id='word_1_35' title='bbox 916 390 961 431; x_wconf 91' lang='lat' dir='ltr'>in</span> <span class='ocrx_word' id='word_1_36' title='bbox 999 390 1202 445; x_wconf 90' lang='lat' dir='ltr'>oppidum</span> <span class='ocrx_word' id='word_1_37' title='bbox 1233 405 1395 446; x_wconf 85' lang='lat' dir='ltr'>recepe-</span> 
     </span>
     <span class='ocr_line' id='line_1_6' title="bbox 55 451 1441 510; baseline 0.002 -15"><span class='ocrx_word' id='word_1_38' title='bbox 55 455 164 495; x_wconf 76' lang='lat' dir='ltr'>runt.</span> <span class='ocrx_word' id='word_1_39' title='bbox 230 451 407 494; x_wconf 75' lang='lat' dir='ltr'>Interim</span> <span class='ocrx_word' id='word_1_40' title='bbox 453 452 663 508; x_wconf 82' lang='lat' dir='ltr'>Scipionis</span> <span class='ocrx_word' id='word_1_41' title='bbox 708 453 840 508; x_wconf 90' lang='lat' dir='ltr'>copiis</span> <span class='ocrx_word' id='word_1_42' title='bbox 883 455 1109 508; x_wconf 72' lang='lat' dir='ltr'>prostratis</span> <span class='ocrx_word' id='word_1_43' title='bbox 1152 455 1394 510; x_wconf 82' lang='lat' dir='ltr'>passimque</span> <span class='ocrx_word' id='word_1_44' title='bbox 1421 467 1441 497; x_wconf 89' lang='lat'><strong>3</strong></span> 
     </span>
     <span class='ocr_line' id='line_1_7' title="bbox 54 517 1395 574; baseline 0.001 -16"><span class='ocrx_word' id='word_1_45' title='bbox 54 519 145 559; x_wconf 91' lang='lat' dir='ltr'>toto</span> <span class='ocrx_word' id='word_1_46' title='bbox 189 531 337 571; x_wconf 85' lang='lat' dir='ltr'>campo</span> <span class='ocrx_word' id='word_1_47' title='bbox 379 517 644 572; x_wconf 82' lang='lat' dir='ltr'>fugientibus</span> <span class='ocrx_word' id='word_1_48' title='bbox 693 517 918 559; x_wconf 78' lang='lat' dir='ltr'>confestim</span> <span class='ocrx_word' id='word_1_49' title='bbox 965 517 1156 561; x_wconf 83' lang='lat' dir='ltr'>Caesaris</span> <span class='ocrx_word' id='word_1_50' title='bbox 1206 519 1395 574; x_wconf 84' lang='lat' dir='ltr'>legiones</span> 
     </span>
     <span class='ocr_line' id='line_1_8' title="bbox 55 582 1442 639; baseline 0.002 -16"><span class='ocrx_word' id='word_1_51' title='bbox 55 582 255 636; x_wconf 84' lang='lat' dir='ltr'>consequi</span> <span class='ocrx_word' id='word_1_52' title='bbox 287 582 556 637; x_wconf 87' lang='lat' dir='ltr'>spatiumque</span> <span class='ocrx_word' id='word_1_53' title='bbox 582 597 627 624; x_wconf 92' lang='lat' dir='ltr'>se</span> <span class='ocrx_word' id='word_1_54' title='bbox 652 596 736 623; x_wconf 90' lang='lat' dir='ltr'>non</span> <span class='ocrx_word' id='word_1_55' title='bbox 763 582 860 624; x_wconf 90' lang='lat' dir='ltr'>dare</span> <span class='ocrx_word' id='word_1_56' title='bbox 886 582 1124 638; x_wconf 89' lang='lat' dir='ltr'>colligendi.</span> <span class='ocrx_word' id='word_1_57' title='bbox 1175 583 1257 633; x_wconf 84' lang='lat' dir='ltr'>Qui</span> <span class='ocrx_word' id='word_1_58' title='bbox 1281 587 1395 639; x_wconf 90' lang='lat' dir='ltr'>post-</span> <span class='ocrx_word' id='word_1_59' title='bbox 1419 595 1442 626; x_wconf 82' lang='lat'>4</span> 
     </span>
     <span class='ocr_line' id='line_1_9' title="bbox 55 645 1397 703; baseline 0.002 -17"><span class='ocrx_word' id='word_1_60' title='bbox 55 659 180 701; x_wconf 84' lang='lat' dir='ltr'>quam</span> <span class='ocrx_word' id='word_1_61' title='bbox 219 645 271 686; x_wconf 90' lang='lat' dir='ltr'>ad</span> <span class='ocrx_word' id='word_1_62' title='bbox 309 660 357 687; x_wconf 86' lang='lat' dir='ltr'>ea</span> <span class='ocrx_word' id='word_1_63' title='bbox 401 649 555 700; x_wconf 83' lang='lat' dir='ltr'>castra,</span> <span class='ocrx_word' id='word_1_64' title='bbox 599 660 705 701; x_wconf 88' lang='lat' dir='ltr'>quae</span> <span class='ocrx_word' id='word_1_65' title='bbox 748 646 967 701; x_wconf 88' lang='lat' dir='ltr'>petebant,</span> <span class='ocrx_word' id='word_1_66' title='bbox 1009 647 1305 703; x_wconf 89' lang='lat' dir='ltr'>perfugerunt,</span> <span class='ocrx_word' id='word_1_67' title='bbox 1347 650 1397 689; x_wconf 90' lang='lat' dir='ltr'>ut</span> 
     </span>
     <span class='ocr_line' id='line_1_10' title="bbox 52 710 1396 767; baseline 0.002 -16"><span class='ocrx_word' id='word_1_68' title='bbox 52 710 199 752; x_wconf 87' lang='lat' dir='ltr'>refecti</span> <span class='ocrx_word' id='word_1_69' title='bbox 238 711 387 752; x_wconf 89' lang='lat' dir='ltr'>castris</span> <span class='ocrx_word' id='word_1_70' title='bbox 425 726 571 753; x_wconf 90' lang='lat' dir='ltr'>rursus</span> <span class='ocrx_word' id='word_1_71' title='bbox 610 726 700 752; x_wconf 91' lang='lat' dir='ltr'>sese</span> <span class='ocrx_word' id='word_1_72' title='bbox 739 710 1011 752; x_wconf 86' lang='lat' dir='ltr'>defenderent</span> <span class='ocrx_word' id='word_1_73' title='bbox 1049 711 1280 767; x_wconf 90' lang='lat' dir='ltr'>ducemque</span> <span class='ocrx_word' id='word_1_74' title='bbox 1324 713 1396 754; x_wconf 90' lang='lat' dir='ltr'>ali-</span> 
     </span>
     <span class='ocr_line' id='line_1_11' title="bbox 54 775 1395 830; baseline 0.001 -14"><span class='ocrx_word' id='word_1_75' title='bbox 54 789 178 830; x_wconf 89' lang='lat' dir='ltr'>quem</span> <span class='ocrx_word' id='word_1_76' title='bbox 210 775 491 830; x_wconf 78' lang='lat' dir='ltr'>requirerent,</span> <span class='ocrx_word' id='word_1_77' title='bbox 523 790 648 830; x_wconf 90' lang='lat' dir='ltr'>quem</span> <span class='ocrx_word' id='word_1_78' title='bbox 680 776 955 830; x_wconf 75' lang='lat' dir='ltr'>respicerent,</span> <span class='ocrx_word' id='word_1_79' title='bbox 992 776 1112 818; x_wconf 86' lang='lat' dir='ltr'>cuius</span> <span class='ocrx_word' id='word_1_80' title='bbox 1144 777 1395 818; x_wconf 88' lang='lat' dir='ltr'>auctoritate</span> 
     </span>
     <span class='ocr_line' id='line_1_12' title="bbox 53 838 1395 895; baseline 0.002 -15"><span class='ocrx_word' id='word_1_81' title='bbox 53 838 313 893; x_wconf 88' lang='lat' dir='ltr'>imperioque</span> <span class='ocrx_word' id='word_1_82' title='bbox 351 854 440 881; x_wconf 90' lang='lat' dir='ltr'>rem</span> <span class='ocrx_word' id='word_1_83' title='bbox 479 842 691 894; x_wconf 81' lang='lat' dir='ltr'>gererent:</span> <span class='ocrx_word' id='word_1_84' title='bbox 729 841 802 894; x_wconf 91' lang='lat' dir='ltr'>qui</span> <span class='ocrx_word' id='word_1_85' title='bbox 832 843 1060 895; x_wconf 84' lang='lat' dir='ltr'>postquam</span> <span class='ocrx_word' id='word_1_86' title='bbox 1092 842 1395 883; x_wconf 86' lang='lat' dir='ltr'>animadverte-</span> 
     </span>
     <span class='ocr_line' id='line_1_13' title="bbox 52 903 1394 959; baseline 0.001 -14"><span class='ocrx_word' id='word_1_87' title='bbox 52 906 153 945; x_wconf 88' lang='lat' dir='ltr'>runt</span> <span class='ocrx_word' id='word_1_88' title='bbox 188 904 399 945; x_wconf 91' lang='lat' dir='ltr'>neminem</span> <span class='ocrx_word' id='word_1_89' title='bbox 437 904 498 945; x_wconf 90' lang='lat' dir='ltr'>ibi</span> <span class='ocrx_word' id='word_1_90' title='bbox 537 919 627 946; x_wconf 92' lang='lat' dir='ltr'>esse</span> <span class='ocrx_word' id='word_1_91' title='bbox 664 903 893 959; x_wconf 89' lang='lat' dir='ltr'>praesidio,</span> <span class='ocrx_word' id='word_1_92' title='bbox 929 904 1126 958; x_wconf 90' lang='lat' dir='ltr'>protinus</span> <span class='ocrx_word' id='word_1_93' title='bbox 1165 905 1293 947; x_wconf 89' lang='lat' dir='ltr'>armis</span> <span class='ocrx_word' id='word_1_94' title='bbox 1326 905 1394 946; x_wconf 88' lang='lat' dir='ltr'>ab·</span> 
     </span>
     <span class='ocr_line' id='line_1_14' title="bbox 53 966 1439 1024; baseline 0.003 -16"><span class='ocrx_word' id='word_1_95' title='bbox 53 966 172 1008; x_wconf 87' lang='lat' dir='ltr'>iectis</span> <span class='ocrx_word' id='word_1_96' title='bbox 209 967 253 1008; x_wconf 91' lang='lat' dir='ltr'>in</span> <span class='ocrx_word' id='word_1_97' title='bbox 290 968 408 1023; x_wconf 88' lang='lat' dir='ltr'>regia</span> <span class='ocrx_word' id='word_1_98' title='bbox 445 971 583 1010; x_wconf 88' lang='lat' dir='ltr'>castra</span> <span class='ocrx_word' id='word_1_99' title='bbox 618 968 765 1023; x_wconf 88' lang='lat' dir='ltr'>fugere</span> <span class='ocrx_word' id='word_1_100' title='bbox 810 968 1081 1010; x_wconf 88' lang='lat' dir='ltr'>contendunt.</span> <span class='ocrx_word' id='word_1_101' title='bbox 1150 968 1242 1019; x_wconf 87' lang='lat' dir='ltr'>Quo</span> <span class='ocrx_word' id='word_1_102' title='bbox 1279 973 1393 1024; x_wconf 89' lang='lat' dir='ltr'>post·</span> <span class='ocrx_word' id='word_1_103' title='bbox 1420 981 1439 1012; x_wconf 87' lang='lat'>5</span> 
     </span>
     <span class='ocr_line' id='line_1_15' title="bbox 53 1032 1393 1087; baseline 0.003 -15"><span class='ocrx_word' id='word_1_104' title='bbox 53 1045 179 1086; x_wconf 90' lang='lat' dir='ltr'>quam</span> <span class='ocrx_word' id='word_1_105' title='bbox 203 1036 497 1087; x_wconf 84' lang='lat' dir='ltr'>pervenerunt,</span> <span class='ocrx_word' id='word_1_106' title='bbox 529 1048 577 1074; x_wconf 86' lang='lat' dir='ltr'>ea</span> <span class='ocrx_word' id='word_1_107' title='bbox 603 1047 770 1087; x_wconf 90' lang='lat' dir='ltr'>quoque</span> <span class='ocrx_word' id='word_1_108' title='bbox 796 1033 848 1074; x_wconf 87' lang='lat' dir='ltr'>ab</span> <span class='ocrx_word' id='word_1_109' title='bbox 874 1032 1052 1075; x_wconf 89' lang='lat' dir='ltr'>Iulianis</span> <span class='ocrx_word' id='word_1_110' title='bbox 1078 1035 1213 1076; x_wconf 91' lang='lat' dir='ltr'>teneri</span> <span class='ocrx_word' id='word_1_111' title='bbox 1237 1035 1393 1076; x_wconf 85' lang='lat' dir='ltr'>vident.</span> 
     </span>
     <span class='ocr_line' id='line_1_16' title="bbox 51 1094 1395 1154; baseline 0.002 -16"><span class='ocrx_word' id='word_1_112' title='bbox 51 1094 286 1150; x_wconf 86' lang='lat' dir='ltr'>Desperata</span> <span class='ocrx_word' id='word_1_113' title='bbox 328 1096 464 1138; x_wconf 88' lang='lat' dir='ltr'>salute</span> <span class='ocrx_word' id='word_1_114' title='bbox 507 1097 551 1138; x_wconf 89' lang='lat' dir='ltr'>in</span> <span class='ocrx_word' id='word_1_115' title='bbox 596 1098 778 1152; x_wconf 90' lang='lat' dir='ltr'>quodam</span> <span class='ocrx_word' id='word_1_116' title='bbox 825 1097 931 1140; x_wconf 88' lang='lat' dir='ltr'>colle</span> <span class='ocrx_word' id='word_1_117' title='bbox 981 1098 1220 1140; x_wconf 87' lang='lat' dir='ltr'>consistunt</span> <span class='ocrx_word' id='word_1_118' title='bbox 1269 1102 1395 1154; x_wconf 91' lang='lat' dir='ltr'>atque</span> 
     </span>
     <span class='ocr_line' id='line_1_17' title="bbox 55 1161 1393 1205; baseline 0.002 -3"><span class='ocrx_word' id='word_1_119' title='bbox 55 1161 182 1202; x_wconf 84' lang='lat' dir='ltr'>armis</span> <span class='ocrx_word' id='word_1_120' title='bbox 232 1161 425 1203; x_wconf 88' lang='lat' dir='ltr'>demissis</span> <span class='ocrx_word' id='word_1_121' title='bbox 476 1161 775 1203; x_wconf 85' lang='lat' dir='ltr'>salutationem</span> <span class='ocrx_word' id='word_1_122' title='bbox 824 1177 940 1205; x_wconf 91' lang='lat' dir='ltr'>more</span> <span class='ocrx_word' id='word_1_123' title='bbox 989 1163 1166 1205; x_wconf 89' lang='lat' dir='ltr'>militari</span> <span class='ocrx_word' id='word_1_124' title='bbox 1220 1163 1393 1205; x_wconf 88' lang='lat' dir='ltr'>faciunt.</span> 
     </span>
     <span class='ocr_line' id='line_1_18' title="bbox 53 1224 1440 1284; baseline 0.003 -18"><span class='ocrx_word' id='word_1_125' title='bbox 53 1224 215 1275; x_wconf 88' lang='lat' dir='ltr'>Quibus</span> <span class='ocrx_word' id='word_1_126' title='bbox 245 1226 412 1267; x_wconf 90' lang='lat' dir='ltr'>miseris</span> <span class='ocrx_word' id='word_1_127' title='bbox 445 1241 493 1268; x_wconf 89' lang='lat' dir='ltr'>ea</span> <span class='ocrx_word' id='word_1_128' title='bbox 523 1241 590 1268; x_wconf 91' lang='lat' dir='ltr'>res</span> <span class='ocrx_word' id='word_1_129' title='bbox 626 1241 757 1280; x_wconf 85' lang='lat' dir='ltr'>parvo</span> <span class='ocrx_word' id='word_1_130' title='bbox 794 1227 1005 1282; x_wconf 87' lang='lat' dir='ltr'>praesidio</span> <span class='ocrx_word' id='word_1_131' title='bbox 1042 1227 1136 1269; x_wconf 88' lang='lat' dir='ltr'>fuit.</span> <span class='ocrx_word' id='word_1_132' title='bbox 1196 1228 1393 1284; x_wconf 87' lang='lat' dir='ltr'>Namque</span> <span class='ocrx_word' id='word_1_133' title='bbox 1421 1240 1440 1270; x_wconf 87' lang='lat'>6</span> 
     </span>
     <span class='ocr_line' id='line_1_19' title="bbox 53 1290 1395 1347; baseline 0.001 -15"><span class='ocrx_word' id='word_1_134' title='bbox 53 1290 211 1332; x_wconf 87' lang='lat' dir='ltr'>milites</span> <span class='ocrx_word' id='word_1_135' title='bbox 248 1291 438 1332; x_wconf 81' lang='lat' dir='ltr'>veterani</span> <span class='ocrx_word' id='word_1_136' title='bbox 475 1291 538 1332; x_wconf 85' lang='lat' dir='ltr'>ira</span> <span class='ocrx_word' id='word_1_137' title='bbox 575 1293 617 1332; x_wconf 92' lang='lat' dir='ltr'>et</span> <span class='ocrx_word' id='word_1_138' title='bbox 655 1290 798 1332; x_wconf 89' lang='lat' dir='ltr'>dolore</span> <span class='ocrx_word' id='word_1_139' title='bbox 835 1291 997 1333; x_wconf 88' lang='lat' dir='ltr'>incensi</span> <span class='ocrx_word' id='word_1_140' title='bbox 1033 1306 1119 1333; x_wconf 91' lang='lat' dir='ltr'>non</span> <span class='ocrx_word' id='word_1_141' title='bbox 1159 1293 1303 1347; x_wconf 89' lang='lat' dir='ltr'>modo,</span> <span class='ocrx_word' id='word_1_142' title='bbox 1346 1296 1395 1335; x_wconf 94' lang='lat' dir='ltr'>ut</span> 
     </span>
     <span class='ocr_line' id='line_1_20' title="bbox 51 1355 1393 1411; baseline 0.001 -14"><span class='ocrx_word' id='word_1_143' title='bbox 51 1358 270 1411; x_wconf 87' lang='lat' dir='ltr'>parcerent</span> <span class='ocrx_word' id='word_1_144' title='bbox 299 1355 428 1410; x_wconf 89' lang='lat' dir='ltr'>hosti,</span> <span class='ocrx_word' id='word_1_145' title='bbox 459 1370 544 1397; x_wconf 91' lang='lat' dir='ltr'>non</span> <span class='ocrx_word' id='word_1_146' title='bbox 569 1357 767 1410; x_wconf 89' lang='lat' dir='ltr'>poterant</span> <span class='ocrx_word' id='word_1_147' title='bbox 792 1355 954 1410; x_wconf 89' lang='lat' dir='ltr'>adduci,</span> <span class='ocrx_word' id='word_1_148' title='bbox 986 1356 1059 1397; x_wconf 90' lang='lat' dir='ltr'>sed</span> <span class='ocrx_word' id='word_1_149' title='bbox 1084 1357 1214 1398; x_wconf 89' lang='lat' dir='ltr'>etiam</span> <span class='ocrx_word' id='word_1_150' title='bbox 1240 1372 1291 1398; x_wconf 81' lang='lat' dir='ltr'>ex</span> <span class='ocrx_word' id='word_1_151' title='bbox 1317 1372 1393 1399; x_wconf 90' lang='lat' dir='ltr'>suo</span> 
     </span>
     <span class='ocr_line' id='line_1_21' title="bbox 53 1419 1394 1477; baseline 0.001 -15"><span class='ocrx_word' id='word_1_152' title='bbox 53 1420 238 1463; x_wconf 85' lang='lat' dir='ltr'>exercitu</span> <span class='ocrx_word' id='word_1_153' title='bbox 256 1419 458 1462; x_wconf 89' lang='lat' dir='ltr'>inlustres</span> <span class='ocrx_word' id='word_1_154' title='bbox 477 1420 675 1474; x_wconf 79' lang='lat' dir='ltr'>urbanos,</span> <span class='ocrx_word' id='word_1_155' title='bbox 695 1435 801 1475; x_wconf 85' lang='lat' dir='ltr'>quos</span> <span class='ocrx_word' id='word_1_156' title='bbox 821 1422 1014 1463; x_wconf 87' lang='lat' dir='ltr'>auctores</span> <span class='ocrx_word' id='word_1_157' title='bbox 1111 1422 1394 1477; x_wconf 83' lang='lat' dir='ltr'>appellabant,</span> 
     </span>
     <span class='ocr_line' id='line_1_22' title="bbox 53 1484 1438 1541; baseline 0.002 -15"><span class='ocrx_word' id='word_1_158' title='bbox 53 1484 288 1539; x_wconf 86' lang='lat' dir='ltr'>complures</span> <span class='ocrx_word' id='word_1_159' title='bbox 326 1487 400 1526; x_wconf 90' lang='lat' dir='ltr'>aut</span> <span class='ocrx_word' id='word_1_160' title='bbox 435 1484 713 1526; x_wconf 84' lang='lat' dir='ltr'>vulnerarunt</span> <span class='ocrx_word' id='word_1_161' title='bbox 750 1487 823 1526; x_wconf 92' lang='lat' dir='ltr'>aut</span> <span class='ocrx_word' id='word_1_162' title='bbox 859 1485 1181 1541; x_wconf 71' lang='lat' dir='ltr'>interfecerunt,</span> <span class='ocrx_word' id='word_1_163' title='bbox 1225 1487 1269 1528; x_wconf 92' lang='lat' dir='ltr'>in</span> <span class='ocrx_word' id='word_1_164' title='bbox 1309 1501 1390 1541; x_wconf 88' lang='lat' dir='ltr'>quo</span> <span class='ocrx_word' id='word_1_165' title='bbox 1420 1499 1438 1529; x_wconf 84' lang='lat'>7</span> 
     </span>
     <span class='ocr_line' id='line_1_23' title="bbox 52 1548 1392 1605; baseline 0.001 -14"><span class='ocrx_word' id='word_1_166' title='bbox 52 1563 225 1591; x_wconf 90' lang='lat' dir='ltr'>numero</span> <span class='ocrx_word' id='word_1_167' title='bbox 261 1549 345 1591; x_wconf 80' lang='lat' dir='ltr'>fuit</span> <span class='ocrx_word' id='word_1_168' title='bbox 375 1548 542 1590; x_wconf 87' lang='lat' dir='ltr'>Tullius</span> <span class='ocrx_word' id='word_1_169' title='bbox 572 1548 712 1590; x_wconf 84' lang='lat' dir='ltr'>Rufus</span> <span class='ocrx_word' id='word_1_170' title='bbox 751 1551 1036 1605; x_wconf 88' lang='lat' dir='ltr'>quaestorius,</span> <span class='ocrx_word' id='word_1_171' title='bbox 1075 1551 1148 1605; x_wconf 93' lang='lat' dir='ltr'>qui</span> <span class='ocrx_word' id='word_1_172' title='bbox 1185 1550 1273 1605; x_wconf 88' lang='lat' dir='ltr'>pilo</span> <span class='ocrx_word' id='word_1_173' title='bbox 1311 1554 1392 1592; x_wconf 85' lang='lat' dir='ltr'>tra-</span> 
     </span>
     <span class='ocr_line' id='line_1_24' title="bbox 53 1613 1392 1669; baseline 0.002 -14"><span class='ocrx_word' id='word_1_174' title='bbox 53 1613 184 1656; x_wconf 88' lang='lat' dir='ltr'>iectus</span> <span class='ocrx_word' id='word_1_175' title='bbox 216 1614 409 1656; x_wconf 91' lang='lat' dir='ltr'>consulto</span> <span class='ocrx_word' id='word_1_176' title='bbox 442 1628 467 1655; x_wconf 90' lang='lat' dir='ltr'>a</span> <span class='ocrx_word' id='word_1_177' title='bbox 495 1613 633 1655; x_wconf 89' lang='lat' dir='ltr'>milite</span> <span class='ocrx_word' id='word_1_178' title='bbox 657 1614 839 1669; x_wconf 88' lang='lat' dir='ltr'>interiit;</span> <span class='ocrx_word' id='word_1_179' title='bbox 870 1614 974 1656; x_wconf 92' lang='lat' dir='ltr'>item</span> <span class='ocrx_word' id='word_1_180' title='bbox 998 1614 1228 1669; x_wconf 91' lang='lat' dir='ltr'>Pompeius</span> <span class='ocrx_word' id='word_1_181' title='bbox 1253 1615 1392 1658; x_wconf 86' lang='lat' dir='ltr'>Rufus</span> 
     </span>
     <span class='ocr_line' id='line_1_25' title="bbox 51 1678 1393 1735; baseline 0.001 -15"><span class='ocrx_word' id='word_1_182' title='bbox 51 1678 269 1721; x_wconf 88' lang='lat' dir='ltr'>brachium</span> <span class='ocrx_word' id='word_1_183' title='bbox 301 1679 442 1735; x_wconf 84' lang='lat' dir='ltr'>gladio</span> <span class='ocrx_word' id='word_1_184' title='bbox 474 1693 718 1733; x_wconf 86' lang='lat' dir='ltr'>percussus,</span> <span class='ocrx_word' id='word_1_185' title='bbox 749 1679 832 1720; x_wconf 86' lang='lat' dir='ltr'>nisi</span> <span class='ocrx_word' id='word_1_186' title='bbox 865 1679 1056 1721; x_wconf 88' lang='lat' dir='ltr'>celeriter</span> <span class='ocrx_word' id='word_1_187' title='bbox 1088 1680 1140 1721; x_wconf 90' lang='lat' dir='ltr'>ad</span> <span class='ocrx_word' id='word_1_188' title='bbox 1172 1679 1393 1722; x_wconf 88' lang='lat' dir='ltr'>Caesarem</span> 
     </span>
     <span class='ocr_line' id='line_1_26' title="bbox 53 1743 1438 1800; baseline 0.001 -15"><span class='ocrx_word' id='word_1_189' title='bbox 53 1743 375 1798; x_wconf 80' lang='lat' dir='ltr'>adcucurrisset,</span> <span class='ocrx_word' id='word_1_190' title='bbox 412 1743 661 1785; x_wconf 88' lang='lat' dir='ltr'>interfectus</span> <span class='ocrx_word' id='word_1_191' title='bbox 700 1746 821 1785; x_wconf 91' lang='lat' dir='ltr'>esset.</span> <span class='ocrx_word' id='word_1_192' title='bbox 885 1744 976 1794; x_wconf 84' lang='lat' dir='ltr'>Quo</span> <span class='ocrx_word' id='word_1_193' title='bbox 1008 1744 1120 1786; x_wconf 88' lang='lat' dir='ltr'>facto</span> <span class='ocrx_word' id='word_1_194' title='bbox 1154 1745 1391 1800; x_wconf 83' lang='lat' dir='ltr'>complures</span> <span class='ocrx_word' id='word_1_195' title='bbox 1417 1757 1438 1787; x_wconf 87' lang='lat'>8</span> 
     </span>
     <span class='ocr_line' id='line_1_27' title="bbox 53 1807 1392 1864; baseline 0.001 -15"><span class='ocrx_word' id='word_1_196' title='bbox 53 1808 214 1862; x_wconf 90' lang='lat' dir='ltr'>equites</span> <span class='ocrx_word' id='word_1_197' title='bbox 249 1807 433 1850; x_wconf 89' lang='lat' dir='ltr'>Romani</span> <span class='ocrx_word' id='word_1_198' title='bbox 470 1809 769 1862; x_wconf 88' lang='lat' dir='ltr'>senatoresque</span> <span class='ocrx_word' id='word_1_199' title='bbox 805 1809 1022 1863; x_wconf 88' lang='lat' dir='ltr'>perterriti</span> <span class='ocrx_word' id='word_1_200' title='bbox 1060 1824 1112 1850; x_wconf 84' lang='lat' dir='ltr'>ex</span> <span class='ocrx_word' id='word_1_201' title='bbox 1147 1810 1310 1864; x_wconf 90' lang='lat' dir='ltr'>proelio</span> <span class='ocrx_word' id='word_1_202' title='bbox 1349 1825 1392 1851; x_wconf 89' lang='lat' dir='ltr'>se</span> 
     </span>
     <span class='ocr_line' id='line_1_28' title="bbox 53 1871 1392 1928; baseline 0.001 -14"><span class='ocrx_word' id='word_1_203' title='bbox 53 1875 310 1928; x_wconf 88' lang='lat' dir='ltr'>receperunt,</span> <span class='ocrx_word' id='word_1_204' title='bbox 339 1887 393 1914; x_wconf 89' lang='lat' dir='ltr'>ne</span> <span class='ocrx_word' id='word_1_205' title='bbox 425 1887 450 1914; x_wconf 84' lang='lat' dir='ltr'>a</span> <span class='ocrx_word' id='word_1_206' title='bbox 478 1871 702 1927; x_wconf 81' lang='lat' dir='ltr'>militibus,</span> <span class='ocrx_word' id='word_1_207' title='bbox 734 1873 808 1927; x_wconf 92' lang='lat' dir='ltr'>qui</span> <span class='ocrx_word' id='word_1_208' title='bbox 839 1887 891 1914; x_wconf 84' lang='lat' dir='ltr'>ex</span> <span class='ocrx_word' id='word_1_209' title='bbox 919 1875 1039 1914; x_wconf 89' lang='lat' dir='ltr'>tanta</span> <span class='ocrx_word' id='word_1_210' title='bbox 1063 1873 1243 1915; x_wconf 80' lang='lat' dir='ltr'>victoria</span> <span class='ocrx_word' id='word_1_211' title='bbox 1267 1874 1392 1916; x_wconf 88' lang='lat' dir='ltr'>licen-</span> 
     </span>
     <span class='ocr_line' id='line_1_29' title="bbox 53 1935 1392 1993; baseline 0.001 -15"><span class='ocrx_word' id='word_1_212' title='bbox 53 1935 154 1978; x_wconf 85' lang='lat' dir='ltr'>tiam</span> <span class='ocrx_word' id='word_1_213' title='bbox 185 1937 268 1980; x_wconf 91' lang='lat' dir='ltr'>sibi</span> <span class='ocrx_word' id='word_1_214' title='bbox 299 1937 636 1992; x_wconf 89' lang='lat' dir='ltr'>adsumpsissent</span> <span class='ocrx_word' id='word_1_215' title='bbox 666 1937 942 1979; x_wconf 90' lang='lat' dir='ltr'>immoderate</span> <span class='ocrx_word' id='word_1_216' title='bbox 979 1938 1181 1992; x_wconf 86' lang='lat' dir='ltr'>peccandi</span> <span class='ocrx_word' id='word_1_217' title='bbox 1211 1939 1392 1993; x_wconf 89' lang='lat' dir='ltr'>impuni-</span> 
     </span>
     <span class='ocr_line' id='line_1_30' title="bbox 53 2001 1392 2058; baseline 0.002 -16"><span class='ocrx_word' id='word_1_218' title='bbox 53 2002 152 2044; x_wconf 89' lang='lat' dir='ltr'>tatis</span> <span class='ocrx_word' id='word_1_219' title='bbox 192 2016 261 2056; x_wconf 74' lang='lat' dir='ltr'>spe</span> <span class='ocrx_word' id='word_1_220' title='bbox 302 2001 476 2058; x_wconf 83' lang='lat' dir='ltr'>prop&#39;ter</span> <span class='ocrx_word' id='word_1_221' title='bbox 517 2002 724 2043; x_wconf 80' lang='lat' dir='ltr'>maximas</span> <span class='ocrx_word' id='word_1_222' title='bbox 766 2017 834 2045; x_wconf 90' lang='lat' dir='ltr'>res</span> <span class='ocrx_word' id='word_1_223' title='bbox 882 2005 1042 2058; x_wconf 87' lang='lat' dir='ltr'>gestas,</span> <span class='ocrx_word' id='word_1_224' title='bbox 1091 2003 1175 2057; x_wconf 89' lang='lat' dir='ltr'>ipsi</span> <span class='ocrx_word' id='word_1_225' title='bbox 1225 2018 1392 2058; x_wconf 89' lang='lat' dir='ltr'>quoque</span> 
     </span>
     <span class='ocr_line' id='line_1_31' title="bbox 53 2065 1437 2122; baseline 0.001 -15"><span class='ocrx_word' id='word_1_226' title='bbox 53 2065 398 2109; x_wconf 88' lang='lat' dir='ltr'>interficerentur.</span> <span class='ocrx_word' id='word_1_227' title='bbox 477 2065 627 2122; x_wconf 87' lang='lat' dir='ltr'>Itaque</span> <span class='ocrx_word' id='word_1_228' title='bbox 676 2066 738 2108; x_wconf 91' lang='lat' dir='ltr'>ibi</span> <span class='ocrx_word' id='word_1_229' title='bbox 788 2081 933 2109; x_wconf 89' lang='lat' dir='ltr'>omnes</span> <span class='ocrx_word' id='word_1_230' title='bbox 979 2065 1189 2122; x_wconf 83' lang='lat' dir='ltr'>Scipionis</span> <span class='ocrx_word' id='word_1_231' title='bbox 1232 2068 1391 2109; x_wconf 85' lang='lat' dir='ltr'>milites</span> <span class='ocrx_word' id='word_1_232' title='bbox 1418 2080 1437 2110; x_wconf 85' lang='lat'>9</span> 
     </span>
     <span class='ocr_line' id='line_1_32' title="bbox 55 2131 1391 2187; baseline 0.002 -16"><span class='ocrx_word' id='word_1_233' title='bbox 55 2144 147 2172; x_wconf 88' lang='lat' dir='ltr'>cum</span> <span class='ocrx_word' id='word_1_234' title='bbox 176 2132 303 2174; x_wconf 89' lang='lat' dir='ltr'>fidem</span> <span class='ocrx_word' id='word_1_235' title='bbox 333 2131 522 2174; x_wconf 83' lang='lat' dir='ltr'>Caesaris</span> <span class='ocrx_word' id='word_1_236' title='bbox 554 2131 843 2186; x_wconf 84' lang='lat' dir='ltr'>implorarent,</span> <span class='ocrx_word' id='word_1_237' title='bbox 874 2132 1137 2187; x_wconf 87' lang='lat' dir='ltr'>inspectante</span> <span class='ocrx_word' id='word_1_238' title='bbox 1168 2132 1261 2186; x_wconf 90' lang='lat' dir='ltr'>ipso</span> <span class='ocrx_word' id='word_1_239' title='bbox 1295 2131 1391 2174; x_wconf 84' lang='lat' dir='ltr'>Cae-</span> 
     </span>
     <span class='ocr_line' id='line_1_33' title="bbox 55 2196 1393 2251; baseline 0.001 -15"><span class='ocrx_word' id='word_1_240' title='bbox 55 2208 143 2237; x_wconf 85' lang='lat' dir='ltr'>sare</span> <span class='ocrx_word' id='word_1_241' title='bbox 174 2199 217 2237; x_wconf 91' lang='lat' dir='ltr'>et</span> <span class='ocrx_word' id='word_1_242' title='bbox 253 2211 278 2237; x_wconf 86' lang='lat' dir='ltr'>a</span> <span class='ocrx_word' id='word_1_243' title='bbox 312 2196 521 2238; x_wconf 89' lang='lat' dir='ltr'>militibus</span> <span class='ocrx_word' id='word_1_244' title='bbox 560 2196 827 2251; x_wconf 86' lang='lat' dir='ltr'>deprecante,</span> <span class='ocrx_word' id='word_1_245' title='bbox 865 2197 925 2238; x_wconf 91' lang='lat' dir='ltr'>eis</span> <span class='ocrx_word' id='word_1_246' title='bbox 962 2197 1027 2238; x_wconf 87' lang='lat' dir='ltr'>uti</span> <span class='ocrx_word' id='word_1_247' title='bbox 1064 2199 1301 2251; x_wconf 86' lang='lat' dir='ltr'>parcerent,</span> <span class='ocrx_word' id='word_1_248' title='bbox 1341 2197 1393 2238; x_wconf 85' lang='lat' dir='ltr'>ad</span> 
     </span>
     <span class='ocr_line' id='line_1_34' title="bbox 54 2261 565 2302; baseline 0.004 -2"><span class='ocrx_word' id='word_1_249' title='bbox 54 2272 182 2301; x_wconf 91' lang='lat' dir='ltr'>unum</span> <span class='ocrx_word' id='word_1_250' title='bbox 214 2263 313 2302; x_wconf 90' lang='lat' dir='ltr'>sunt</span> <span class='ocrx_word' id='word_1_251' title='bbox 342 2261 565 2302; x_wconf 89' lang='lat' dir='ltr'>interfecti.</span> 
     </span>
    </p>
   </div>
   <div class='ocr_carea' id='block_1_3' title="bbox 124 2324 1436 2428">
    <p class='ocr_par' dir='ltr' id='par_1_3' title="bbox 124 2324 1436 2428">
     <span class='ocr_line' id='line_1_35' title="bbox 138 2324 1436 2380; baseline 0.002 -14"><span class='ocrx_word' id='word_1_252' title='bbox 138 2324 369 2367; x_wconf 90' lang='lat' dir='ltr'>LXXXVI.</span> <span class='ocrx_word' id='word_1_253' title='bbox 432 2324 584 2367; x_wconf 86' lang='lat' dir='ltr'>Caesar</span> <span class='ocrx_word' id='word_1_254' title='bbox 614 2326 739 2368; x_wconf 89' lang='lat' dir='ltr'>trinis</span> <span class='ocrx_word' id='word_1_255' title='bbox 772 2326 922 2368; x_wconf 87' lang='lat' dir='ltr'>castris</span> <span class='ocrx_word' id='word_1_256' title='bbox 956 2326 1120 2380; x_wconf 89' lang='lat' dir='ltr'>potitus</span> <span class='ocrx_word' id='word_1_257' title='bbox 1158 2326 1390 2380; x_wconf 90' lang='lat' dir='ltr'>occisisque</span> <span class='ocrx_word' id='word_1_258' title='bbox 1419 2338 1436 2369; x_wconf 87' lang='lat'>1</span> 
     </span>
     <span class='ocr_line' id='line_1_36' title="bbox 124 2397 1128 2428; baseline 0.003 -3"><span class='ocrx_word' id='word_1_259' title='bbox 124 2399 152 2425; x_wconf 89' lang='lat' dir='ltr'>c.</span> <span class='ocrx_word' id='word_1_260' title='bbox 172 2399 309 2426; x_wconf 72' lang='lat' dir='ltr'>mnus</span> <span class='ocrx_word' id='word_1_261' title='bbox 329 2399 492 2426; x_wconf 77' lang='lat' dir='ltr'>CAESAR.</span> <span class='ocrx_word' id='word_1_262' title='bbox 530 2401 579 2426; x_wconf 82' lang='lat'>111</span> <span class='ocrx_word' id='word_1_263' title='bbox 1110 2397 1128 2428; x_wconf 82' lang='lat'>7</span> 
     </span>
    </p>
   </div>
   <div class='ocr_carea' id='block_1_4' title="bbox 0 0 54 489">
    <p class='ocr_par' dir='ltr' id='par_1_4' title="bbox 0 0 54 489">
     <span class='ocr_line' id='line_1_37' title="bbox 0 0 54 489; baseline 0 2111"><span class='ocrx_word' id='word_1_264' title='bbox 0 0 54 489; x_wconf 95' lang='lat' dir='ltr'> </span> 
     </span>
    </p>
   </div>
  </div>
 </body>
</html>
