1669 2574
287 76 308 116 7
314 76 340 116 2
728 74 921 108 BELLUM
945 73 1167 110 AFRICUM.

285 170 464 212 mirifica
490 184 664 224 corpora
691 168 909 211 Gallorum
935 167 1344 223 Germanorumque,
1370 169 1442 223 qui
1466 169 1618 223 partim
1667 187 1669 211 1

287 235 375 275 eius
407 234 702 275 auctoritatem
734 235 852 274 erant
883 247 935 274 ex
961 231 1098 274 Gallia
1123 233 1270 287 secuti,
1300 233 1457 286 partim
1484 232 1617 286 pretio
1667 251 1669 270 f

286 296 748 353 pollicitationibusque
792 295 962 337 adducti
1007 296 1060 337 ad
1109 310 1205 338 eum
1253 310 1298 337 50
1347 295 1620 350 contulerant,
1668 301 1669 340 ζ

286 361 497 416 nonnulli,
535 361 608 415 qui
645 375 697 402 ex
729 359 923 402 Curionis
961 360 1123 414 proelio
1162 360 1274 415 capti
1305 360 1619 414 conservatique
1668 380 1669 404 1

288 440 432 481 parem
470 425 651 480 gratiam
689 425 733 466 in
769 425 851 466 fide
881 424 1119 479 praebenda
1148 427 1362 479 praestare
1391 425 1618 467 voluerant.
1668 449 1669 456 1

286 489 452 531 Horum
491 504 667 544 corpora
703 489 883 531 mirifica
922 489 1059 543 specie
1103 489 1463 544 amplitudineque
1502 502 1621 531 caesa

287 557 378 596 toto
410 568 557 609 campo
590 569 637 596 ac
667 556 881 609 prostrata
913 553 1075 595 diverse
1107 553 1310 595 iacebant.

374 617 569 660 XXXXI.
629 617 709 660 His
745 618 870 660 rebus
911 617 1042 673 gestis
1075 616 1226 659 Caesar
1262 620 1433 672 postero
1467 616 1533 657 die
1569 631 1620 658 ex

287 683 484 724 omnibus
513 682 735 738 praesidiis
767 681 961 724 cohortes
997 681 1143 723 eduxit
1181 684 1307 737 atque
1345 695 1486 723 omnes
1523 695 1633 722 suas

287 747 429 801 copias
460 748 504 788 in
537 761 683 801 campo
716 746 930 787 instruxit.
995 745 1136 800 Scipio
1169 747 1256 787 suis
1287 745 1393 788 male
1428 746 1634 800 acceptis,

287 811 435 853 occisis
467 811 863 865 convulneratisque
895 811 1007 852 intra
1039 825 1137 852 suas
1170 811 1381 853 continere
1413 824 1456 852 se
1486 811 1621 851 muni-

287 876 425 917 tiones
456 876 604 930 coepit.
656 874 807 916 Caesar
838 876 1048 916 instructa
1079 876 1165 917 3010
1197 875 1424 917 secundum
1454 874 1622 916 infimas

286 941 376 995 iugi
407 940 568 981 radices
599 940 775 994 propius
806 939 1064 980 munitiones
1095 939 1246 980 leniter
1277 938 1460 980 accessit.
1515 936 1621 979 Iam-

287 1019 367 1059 que
398 1005 538 1045 minus
571 1003 688 1045 mille
719 1017 868 1058 passus
900 1003 951 1044 ab
986 1002 1140 1057 oppido
1168 1002 1304 1058 Uzita,
1337 1003 1450 1057 quod
1481 1001 1622 1057 Scipio

286 1068 468 1122 tenebat,
500 1068 675 1109 aberant
704 1067 892 1123 legiones
918 1066 1120 1122 Iulianae,
1152 1082 1247 1109 cum
1279 1067 1421 1122 Scipio
1451 1067 1623 1121 veritus,

286 1147 339 1173 ne
371 1132 573 1187 oppidum
612 1132 843 1186 amitteret,
879 1131 990 1173 unde
1029 1132 1174 1186 aquari
1211 1131 1468 1186 reliquisque
1497 1132 1623 1173 rebus

288 1197 498 1238 sublevari
541 1197 630 1238 eius
675 1197 883 1238 exercitus
934 1199 1173 1251 consuerat,
1222 1196 1384 1238 eductis
1427 1196 1624 1237 omnibus

288 1262 420 1316 copiis
441 1261 706 1316 quadruplici
729 1261 815 1302 acie
841 1261 1051 1302 instructa
1076 1275 1127 1302 ex
1152 1260 1348 1302 instituto
1375 1274 1463 1314 suo,
1487 1261 1626 1314 prima

288 1324 474 1381 equestri
505 1326 726 1367 turmatim
759 1326 923 1366 derecta
955 1324 1274 1379 elephantisque
1304 1324 1470 1366 turritis
1498 1324 1623 1365 inter-

288 1390 440 1444 positis
473 1390 741 1444 armatisque,
773 1389 988 1444 suppetias
1020 1389 1080 1430 ire
1113 1389 1337 1430 contendit.
1399 1388 1521 1438 Quod
1550 1388 1624 1430 ubi

288 1453 439 1496 Caesar
483 1455 799 1509 animadvertit,
849 1453 1077 1494 arbitratus
1128 1452 1367 1508 Scipionem
1411 1453 1463 1494 ad
1505 1452 1623 1494 dimi-

288 1519 467 1560 candum
504 1522 700 1573 paratum
738 1519 789 1560 ad
826 1533 870 1560 50
908 1521 1020 1560 certo
1061 1518 1200 1559 animo
1235 1518 1434 1559 venire..
1456 1550 1492 1558 ..
1543 1516 1625 1567 Qui

288 1583 332 1623 in
364 1597 411 1624 eo
443 1582 555 1637 loco,
593 1597 676 1637 quo
708 1582 834 1637 paulo
866 1585 963 1624 ante
996 1582 1338 1637 commemoravi,
1376 1584 1472 1623 ante
1509 1581 1624 1635 oppi-

289 1647 388 1688 dum
421 1647 613 1688 constitit
645 1661 848 1701 suamque
880 1647 1013 1688 aciem
1038 1647 1219 1688 mediam
1245 1660 1293 1687 eo
1320 1645 1475 1700 oppido
1501 1645 1624 1700 texit3

289 1712 484 1753 dextrum
522 1711 826 1765 sinistrumque
865 1726 1012 1766 cornu,
1049 1711 1123 1752 ubi
1160 1710 1375 1765 elephanti
1409 1713 1544 1766 erant,
1580 1711 1625 1753 in

290 1778 517 1829 conspectu
548 1776 712 1829 patenti
744 1775 1078 1817 adversariorum
1113 1775 1344 1817 constituit.

375 1838 592 1881 XXXXII.
654 1839 759 1881 Cum
797 1841 882 1882 iam
922 1854 1053 1895 prope
1097 1839 1199 1881 solis
1244 1853 1436 1880 occasum
1475 1838 1627 1880 Caesar

288 1905 617 1959 exspectavisset
642 1919 778 1959 neque
804 1921 855 1947 ex
881 1920 929 1946 eo
954 1905 1061 1959 loco,
1093 1918 1175 1958 quo
1203 1904 1462 1958 constiterat,
1495 1902 1626 1958 Scipi-

289 1983 410 2010 onem
447 1969 646 2023 progredi
682 1968 857 2023 propius
896 1984 940 2010 se
978 1968 1345 2010 animadvertisset
1373 1967 1550 2021 locoque
1582 1983 1626 2009 se
1656 1965 1669 2005 -ὲ

287 2033 423 2088 magis
468 2033 705 2086 defendere,
749 2033 785 2073 si
828 2048 894 2074 res
939 2033 1166 2088 coegisset,
1216 2046 1341 2086 quam
1390 2031 1434 2072 in
1478 2045 1626 2086 campo

290 2097 525 2139 comminus
552 2097 779 2138 consistere
806 2097 969 2151 audere,
1000 2111 1085 2138 non
1111 2099 1175 2138 est
1199 2096 1290 2137 visa
1314 2095 1422 2137 ratio
1451 2096 1627 2150 propius

288 2162 509 2203 accedendi
542 2176 588 2203 eo
622 2162 687 2203 die
720 2161 771 2202 ad
804 2161 1018 2215 oppidum,
1052 2161 1251 2216 quoniam
1283 2161 1344 2202 ibi
1369 2159 1652 2225 praesidium¹

289 2227 444 2281 grande
469 2225 751 2267 Numidarum
777 2240 867 2267 esse
895 2229 1162 2280 cognoverat,
1191 2225 1419 2279 hostesque
1445 2224 1626 2265 mediam

290 2291 421 2332 aciem
453 2305 571 2331 suam
604 2290 758 2344 oppido
792 2290 945 2331 texisse
978 2292 1019 2331 et
1051 2290 1133 2331 sibi
1173 2289 1344 2331 difficile
1382 2289 1497 2330 factu
1536 2301 1625 2330 esse

1649 2383 1653 2484 ἓ

1649 2485 1659 2574 l
