1638 2600
590 135 681 170 VIH.
708 135 983 170 EPISTULAE.
1365 135 1451 176 213

580 260 612 282 a.
639 259 674 282 u.
701 247 869 282 DCCVI
890 250 981 291 (48).

432 319 509 353 AD
538 319 576 363 Q.
605 318 831 353 FUFIUM
855 318 1132 353 GALENUM.

207 383 304 418 Caes.
327 383 374 417 B.
399 383 434 418 C.
457 386 490 426 3,
505 386 561 426 14,
576 387 608 418 1.
652 383 807 418 Calenus
834 384 1032 429 legionibus
1057 384 1302 428 equitibusque
1327 382 1453 416 Brun-

106 431 198 465 disii
222 431 263 464 iu
288 441 396 465 naves
421 431 609 475 impositis,
633 435 675 465 ut
700 435 777 465 erat
791 436 1021 475 praeceptum
1047 442 1068 465 a
1091 431 1254 472 Caesare,
1279 434 1455 474 quantam

107 478 260 512 ‘navium
295 478 505 520 facultatem
543 478 711 520 habebat,
747 489 857 512 naves
888 479 1010 521 solvit,
1042 479 1267 522 paulumque
1298 489 1321 512 a
1343 481 1455 521 portu

102 535 315 570 proqressus
347 525 484 560 litteras
515 537 538 560 a
566 525 718 560 Caesare
750 526 902 569 accepit,
941 526 1070 570 quibus
1101 530 1151 560 est
1182 525 1310 560 certior
1333 525 1454 567 factus

100 576 232 616 portus
259 572 433 617 litoraque
459 573 581 607 omnia
607 573 782 608 classibus
807 572 1099 607 adversariorum
1124 573 1245 608 teneri.

557 690 633 725 AD
659 690 906 725 EXERCIT
913 690 1001 725 UM.

205 754 302 790 Caes.
330 755 376 789 B.
400 755 436 789 C.
465 758 498 798 3,
512 757 572 798 25,
587 758 618 790 3.
673 755 811 800 Quibus
835 756 940 790 rebus
960 760 1144 799 permotus
1170 755 1304 790 Caesar
1329 755 1455 789 Brun-

104 802 243 837 disium
269 803 318 837 acl
343 814 426 837 suos
451 804 606 837 sei-erius
631 803 786 847 scripsit,
811 804 912 838 nacti
937 803 1106 838 idoneum
1129 807 1271 838 ventum
1293 814 1337 837 ne
1356 813 1455 837 ocea-

105 850 243 884 sionem
268 851 473 895 naviqancli
497 851 727 893 dimitterent,
752 851 825 885 sice
851 851 899 885 acl
925 850 1341 904 litoraApolloniatium
1355 850 1456 895 <sive

105 897 157 932 acl
170 897 416 942 Labeatium>
441 909 585 933 cursum
610 898 703 932 7167
675 910 686 931 7
689 909 768 943 ι]676
793 902 899 942 atque
925 909 963 932 eo
987 908 1097 932 nates
1122 898 1230 932 eicere
1252 901 1407 941 possent.

206 945 301 988 App.
324 945 370 979 Β
394 944 430 979 C.
451 946 508 987 H,
523 948 580 980 58.
627 943 824 989 ’.Επιστολὴ
850 945 942 989 πρὸς
966 945 1032 979 τὸν
1058 944 1213 988 στρατὸν
1239 944 1353 979 αυτὸν
1380 941 1456 989 ἐγέ-

106 1003 251 1036 γραπτο
285 991 391 1036 ἄλλη,
426 992 492 1027 τὸν
524 990 748 1050 βουλόμενον
780 993 903 1027 αυτῶν
929 992 988 1027 ἐπὶ
1015 991 1080 1032 τὰς
1105 997 1197 1032 ναῦς
1223 990 1376 1026 ἕπεσθαι
1406 994 1455 1038 τῷ

111 1037 342 1085 Ποστουμίῳ,
368 1040 430 1074 καὶ
457 1038 647 1083 καταίρειν
673 1038 911 1097 ἀναχθέντας
937 1039 973 1079 ἐς
997 1037 1132 1085 χωρίον
1159 1039 1195 1079 ἐς
1221 1038 1240 1074 ὅ
1266 1052 1299 1073 τι
1327 1038 1345 1074 ὁ
1373 1038 1456 1073 ἄνε-

107 1099 176 1130 μος
203 1076 356 1133 ἐκφέρη,
383 1086 498 1131 μηδὲν
523 1100 595 1122 των
616 1093 709 1122 νεῶν
729 1085 989 1132 φειδομένους
1017 1087 1060 1121 οὐ
1081 1086 1150 1132 γὰρ
1171 1093 1264 1122 νεῶν
1285 1085 1457 1129 Καίσαρα

104 1132 264 1179 χρῄζειν,
289 1132 366 1167 ἀλλ’
393 1133 551 1179 ἀνδρῶν.

363 1240 440 1275 AD
466 1241 522 1275 M.
551 1241 874 1276 METELLUM
895 1240 1206 1276 SCIPIONEM.

207 1305 304 1339 Caes.
333 1305 379 1339 B.
409 1305 446 1340 C.
474 1308 513 1348 3,
534 1308 593 1348 57,
613 1310 644 1340 1.
696 1306 799 1340 Haec
836 1317 917 1341 cum
953 1307 993 1340 in
1031 1306 1175 1341 Achaia
1213 1310 1319 1350 atque
1356 1305 1459 1350 apud

107 1352 361 1398 Dyrrachium
398 1357 604 1398 qererentur
641 1353 911 1398 Scipionemque
948 1354 989 1388 in
1028 1353 1286 1388 Blacedoniam
1324 1354 1459 1388 venisse

104 1404 301 1443 constaret,
338 1411 413 1434 77077
451 1401 581 1435 oblitus
613 1402 768 1445 pristini
798 1401 960 1436 instituti
993 1401 1126 1436 Caesar
1156 1401 1266 1435 mittit
1298 1401 1347 1434 acl
1380 1411 1460 1435 eum

109 1447 300 1490 Cloelium,
332 1459 438 1482 suum
463 1452 568 1492 atque
593 1449 695 1483 illius
720 1449 960 1491 familiarem,
994 1460 1097 1493 quem
1122 1449 1167 1483 ab
1192 1448 1256 1482 illo
1282 1449 1458 1482 traditum

107 1495 218 1529 initio
245 1499 276 1530 et
301 1496 585 1530 commenclatmn
614 1497 653 1530 in
678 1507 824 1531 suorum
851 1497 1135 1531 necessariorum
1159 1506 1307 1530 numero
1331 1496 1459 1530 habere

106 1542 327 1577 instituerat
366 1542 469 1577 Huic
494 1543 558 1578 (lat
584 1543 721 1578 litteras
746 1544 990 1588 mandataque
1016 1544 1065 1578 acl
1084 1555 1174 1586 eum,
1201 1554 1350 1587 quoium
1372 1543 1458 1577 1777673

105 1593 184 1624 erat
209 1600 369 1624 summa:
399 1601 470 1624 sese
496 1591 619 1624 omnia
645 1591 686 1625 de
707 1602 797 1635 pace
823 1595 1007 1635 expertum
1031 1591 1127 1625 nihil
1153 1590 1386 1637 <effeci;sse>

104 1637 170 1671 hoc
197 1637 374 1671 arbitrari
397 1638 485 1672 iitio
509 1638 647 1680 factum
672 1649 804 1680 eorum,
830 1649 917 1682 quos
943 1649 1013 1673 esse
1038 1642 1200 1673 (uictores
1224 1638 1301 1672 eius
1319 1638 1373 1672 rei
1397 1594 1459 1672 vot

106 1684 249 1727 luisset,
287 1685 381 1729 quod
412 1696 481 1719 sua
512 1685 688 1719 mandata
715 1686 876 1729 perferre
908 1696 982 1720 non
1014 1690 1191 1739 oportuno
1222 1690 1375 1729 tempore
1408 1685 1458 1719 acl

108 1732 323 1775 Pompeium
356 1737 570 1767 vererentur.
630 1732 833 1777 Scipionem
864 1744 905 1767 ea
938 1744 1008 1767 esse
1040 1733 1270 1775 auctoritate,
1307 1736 1349 1767 ut
1381 1742 1457 1766 77077

105 1779 223 1813 solum
249 1779 365 1822 libere,
391 1791 481 1824 quae
497 1780 696 1824 probasset,
722 1791 907 1824 exponere,
932 1781 992 1815 secl
1011 1781 1119 1815 etiam
1138 1792 1182 1815 ea:
1201 1791 1335 1825 7777797777
1349 1783 1456 1824 parte

108 1827 320 1871 compellare
353 1831 458 1871 atque
483 1832 660 1862 errantem
684 1839 802 1873 reyere
822 1832 960 1872 posset,·
980 1839 1144 1872 praeesse
1169 1832 1287 1862 autem
1313 1838 1377 1862 suo
1397 1838 1460 1862 no-

107 1875 203 1909 mine
229 1875 412 1918 exercitui,
437 1879 478 1909 ut
499 1879 645 1918 praeter
670 1876 921 1910 auctoritatem
946 1875 1037 1909 vires
1063 1886 1198 1920 quoque
1224 1875 1274 1909 acl
1298 1885 1456 1909 coercen-

107 1921 197 1956 (lum
221 1922 373 1956 haberet.
428 1922 531 1967 Quod
562 1923 595 1956 si
618 1923 774 1965 fecisset,
807 1923 956 1967 quietem
980 1923 1133 1965 Italiae,
1160 1933 1285 1966 pacem
1307 1923 1457 1966 provin-

108 1969 265 2012 ciarum,
290 1970 443 2004 salutem
468 1970 613 2014 imperii
637 1970 706 2004 uni
731 1981 850 2005 omnes
876 1974 1055 2014 acceptam
1080 1971 1268 2005 relaturos.

368 2076 444 2110 AD
473 2076 549 2110 CN.
576 2076 615 2110 D
622 2075 701 2110 OM
700 2077 727 2110 I
727 2076 785 2110 TI
788 2076 823 2111 U
822 2076 871 2110 M
895 2076 994 2111 CAL
1003 2076 1197 2111 VINUM.

208 2140 304 2175 Caes.
328 2141 374 2175 Β.
398 2141 434 2176 C.
457 2143 491 2184 3,
507 2143 613 2184 78,4.
662 2141 792 2186 Itaque
812 2142 1024 2186 praemissis
1048 2142 1191 2176 nzcntie's
1216 2142 1265 2176 aol
1292 2141 1356 2176 Cn.
1383 2142 1459 2176 Do-

108 2188 254 2222 'mitium¹
282 2188 416 2223 Caesar
440 2189 585 2233 scripsit
611 2192 653 2231 et,
679 2189 768 2233 quid
791 2189 872 2232 fier-i
898 2190 1009 2232 rellet,
1034 2189 1198 2224 ostendit.

487 2295 515 2328 Ι
519 2294 659 2330 NCER
664 2296 696 2329 T
702 2296 785 2330 UM
806 2296 882 2330 AD
912 2296 941 2341 Q
949 2295 1076 2330 UEM.

205 2360 304 2393 Plut.
334 2359 460 2403 Pomp.
483 2362 542 2394 68.
589 2358 778 2404 Ἓωθινῆς
803 2359 843 2394 δὲ
870 2362 1037 2404 φυλακῆς
1062 2359 1153 2404 ὑπὲρ
1179 2365 1244 2395 τοῦ
1271 2358 1460 2404 Καίσαρος

110 2405 360 2451 στρατοπέδου
387 2406 524 2451 πολλὴν
550 2406 708 2452 ἡσυχίαν
735 2407 891 2453 ἄγοντος
917 2406 1095 2451 ἐξέλαμψε
1121 2405 1213 2453 μέγα
1240 2414 1328 2452 φῶς,
1356 2407 1394 2442 ἐν.
1422 2407 1462 2442 δὲ

1468 237 1494 255 a.
1509 237 1536 255 u.
1552 236 1576 255 c.

1464 265 1586 291 DCCVI

1496 302 1554 333 (48)
