1638 2600
437 85 536 121 CAP.
564 86 1018 121 LXXXVIH—LXXXXI.
1315 85 1395 125 101

61 184 102 226 et
138 181 188 224 de
229 196 374 223 eorum
419 181 648 224 sceleribus
690 181 882 237 longiore
925 182 1071 224 habita
1114 182 1302 224 oratione
1347 180 1399 221 ad

58 249 306 300 extremum,
337 248 386 287 ut
411 246 501 288 sine
530 249 647 288 metu
677 247 906 301 prodirent,
938 247 1081 289 edicit:
1114 262 1158 289 se
1189 247 1249 289 eis
1282 246 1398 287 dum-

57 314 175 354 taxat
200 312 332 353 vitam
365 326 680 366 concessurum3
711 311 823 352 bona
854 311 1024 366 quidem
1056 326 1201 353 eorum
1232 325 1276 352 se
1301 324 1398 351 ven-

58 376 266 431 diturum,
306 377 366 417 ita
402 379 563 431 tamen,
605 376 678 431 qui
715 390 860 417 eorum
898 377 987 430 ipse
1026 391 1102 417 sua
1137 376 1249 417 bona
1285 374 1397 416 rede-

56 440 215 495 misset,
235 455 279 482 se
298 440 506 482 bonorum
521 440 806 482 venditionem
825 440 1098 482 inducturum
1119 443 1161 482 et
1176 440 1398 494 pecuniam

55 505 213 548 multae
250 506 420 547 nomine
458 505 708 559 relaturum,
750 507 799 546 ut
842 505 1177 547 incolumitatem
1217 505 1398 546 retinere

55 573 209 626 posset.
273 569 436 620 Quibus
469 573 585 612 metu
618 569 904 624 exsanguibus
938 569 987 610 de
1024 569 1195 623 vitaque
1233 584 1283 610 ex
1321 583 1397 610 suo
1424 579 1432 591 ⁴

54 635 286 690 promerito
326 635 648 689 desperantibus
687 634 827 676 subito
866 633 1009 675 oblata
1046 633 1181 675 salute
1216 633 1398 675 libentes

55 699 280 754 cupidique
316 700 606 741 condicionem
638 701 888 770 acceperunt
917 699 1214 770 petieruntque
1246 714 1270 739 a
1301 697 1398 739 Cae—

55 778 159 818 sare,
187 766 236 805 ut
260 765 472 806 universis
499 776 581 807 000
608 778 692 805 11110
718 763 887 805 nomine
912 762 1136 817 pecuniam
1160 763 1398 817 imperaret.

55 826 203 882 Itaque
235 828 301 869 bis
332 828 501 870 miliens
533 828 730 870 sestertio
761 827 829 869 his
854 827 1068 882 imposito,
1099 830 1148 868 ut
1172 842 1248 882 per
1272 827 1398 869 trien—

55 892 173 934 nium
205 906 279 934 sex
310 893 588 947 pensionibus
619 892 777 947 populo
803 891 995 934 Romano
1025 891 1250 947 solverent,
1280 892 1398 933 nullo

56 971 201 999 eorum
238 960 457 999 recusante
497 973 545 999 ac
582 972 627 999 se
665 972 714 999 eo
753 957 921 998 demum
965 956 1032 998 die
1074 959 1198 998 natos
1237 957 1399 1011 praedi—

57 1024 198 1064 cantes
229 1020 331 1063 laeti
363 1023 522 1077 gratias
555 1025 689 1077 agunt
721 1020 899 1063 Caesari.

142 1085 374 1128 LXXXXI.
424 1086 518 1129 Rex
543 1087 714 1128 interim
740 1085 857 1141 Iuba,
882 1088 931 1128 ut
956 1101 1008 1127 ex
1032 1086 1193 1140 proelio
1219 1086 1400 1141 fugerat,

56 1165 140 1193 una
177 1165 273 1192 cum
310 1151 479 1193 Petreio
518 1152 702 1193 interdiu
740 1151 784 1192 in
821 1150 935 1192 vinis
977 1150 1185 1191 latitando
1229 1151 1399 1192 tandem

55 1215 274 1257 nocturnis
300 1215 526 1257 itineribus
553 1215 756 1257 confectis
782 1215 826 1256 in
851 1228 1030 1270 regnum
1055 1215 1248 1269 pervenit
1273 1218 1399 1269 atque

57 1280 109 1322 ad
149 1280 352 1334 oppidum
391 1280 581 1335 Zamam,
625 1280 699 1321 ubi
743 1280 833 1333 ipse
877 1278 1156 1333 domicilium,
1200 1279 1400 1334 coniuges

56 1345 296 1399 liberosque
333 1344 535 1399 habebat,
574 1358 658 1399 quo
697 1358 750 1386 ex
788 1345 938 1385 cuncto
969 1356 1100 1398 regno
1133 1357 1301 1384 omnem
1331 1358 1401 1398 pe-

57 1409 223 1451 cuniam
255 1409 578 1463 carissimasque
609 1424 676 1450 res
708 1410 1046 1462 comportaverat
1072 1408 1267 1462 quodque
1293 1408 1399 1449 inito

56 1473 167 1516 bello
188 1474 386 1528 operibus
405 1474 603 1515 maximis
629 1473 881 1527 muniverat,
907 1472 1078 1514 accedit.
1123 1471 1257 1522 Quem
1277 1475 1402 1514 antea

58 1538 256 1593 oppidani
286 1553 455 1580 rumore
492 1541 693 1593 exoptato
732 1537 782 1579 de
815 1536 1003 1579 Caesaris
1040 1537 1220 1578 victoria
1256 1537 1400 1578 audito

58 1604 111 1646 ob
141 1603 219 1645 has
251 1618 397 1645 causas
430 1603 585 1658 oppido
617 1602 940 1657 prohibuerunt,
973 1602 1086 1656 quod
1115 1601 1228 1643 bello
1255 1604 1402 1644 contra

57 1667 261 1724 populum
291 1667 533 1709 Romanum
570 1669 767 1721 suscepto
804 1667 850 1708 in
887 1666 1042 1721 oppido
1081 1665 1234 1707 Zamae
1270 1666 1400 1721 lignis

58 1732 271 1787 congestis
301 1732 531 1773 maximam
563 1732 608 1774 in
636 1732 775 1773 medio
801 1731 894 1773 foro
920 1746 1071 1786 pyram
1096 1733 1402 1786 construxerat,

58 1799 107 1839 ut
147 1797 184 1838 si
219 1796 330 1838 forte
366 1796 479 1838 bello
517 1796 629 1838 foret
667 1799 909 1851 superatus,
948 1796 1145 1838 omnibus
1181 1795 1308 1837 rebus
1353 1811 1400 1837 eo

60 1860 330 1915 coacervatis,
368 1861 464 1902 dein
502 1861 667 1902 civibus
706 1861 869 1903 cunctis
904 1861 1139 1903 interfectis
1171 1860 1402 1915 eodemque

59 1926 256 1981 proiectis
299 1925 398 1980 igne
442 1926 631 1968 subiecto
677 1928 769 1967 tum
813 1926 982 1967 demum
1020 1940 1064 1967 se
1102 1926 1193 1980 ipse
1230 1926 1404 1979 insuper

60 1991 312 2033 interficeret
345 1993 470 2046 atque
502 2005 587 2032 una
618 2005 715 2032 cum
745 1990 909 2046 liberis,
941 1991 1206 2045 coniugibus,
1238 1990 1401 2031 civibus

62 2058 292 2110 cunctaque
324 2069 427 2111 gaza
454 2056 571 2111 regia
597 2058 863 2097 cremaretur.
913 2054 1148 2109 Postquam
1173 2053 1280 2095 Iuba
1306 2056 1401 2095 ante

60 2122 203 2174 portas
229 2120 301 2161 diu
325 2119 593 2174 multumque
618 2120 757 2174 primo
784 2120 911 2162 minis
936 2134 1014 2174 pro
1041 2119 1218 2174 imperio
1246 2118 1403 2173 egisset

63 2198 156 2225 cum
198 2183 491 2239 Zamensibus,
535 2184 631 2225 dein
675 2199 770 2226 cum
815 2199 859 2226 se
901 2199 1053 2239 parum
1094 2183 1299 2238 proficere
1341 2183 1402 2224 in-

64 2247 305 2303 tellexisset,
330 2249 526 2303 precibus
548 2251 720 2304 orasset,
746 2250 810 2290 uti
842 2264 886 2291 se
912 2248 965 2289 ad
989 2263 1089 2290 suos
1111 2248 1209 2289 deos
1228 2250 1402 2302 penates

64 2312 344 2368 admitterent,
375 2313 449 2355 ubi
482 2328 552 2355 eos
583 2316 772 2368 perstare
798 2314 843 2354 in
869 2313 1078 2355 sententia
1105 2312 1403 2354 animadvertit

1426 579 1443 608 [υ
