1669 2574
198 410 216 439 ¹0

247 105 329 146 132
542 104 736 138 BELLUM
760 101 1079 137 HISPANOENSE
1105 101 1281 138 XXXXII.

245 200 482 255 insequenti
527 199 592 240 die
630 198 825 240 contione
864 197 1066 238 advocata
1101 204 1403 241 commemorat:
1452 200 1612 242 Initio‘

245 268 494 319 quaesturae
532 277 632 304 suae
670 277 760 303 eam
798 262 1060 316 provinciam
1099 277 1149 303 ex
1181 263 1377 305 omnibus
1414 265 1584 318 provin·

245 330 320 371 ciis
352 328 606 383 peculiarem
639 327 721 368 sibi
753 327 1024 369 constituisse
1057 330 1116 381 et,
1153 342 1260 382 quae
1291 329 1502 382 potuisset
1532 344 1583 371 eo

244 397 452 447 tempore,
484 392 686 434 beneficia
721 392 923 447 largitum
960 406 1067 446 esse3
1106 392 1354 447 insequente
1386 397 1584 447 praetura

244 457 445 511 ampliato
476 457 638 499 honore
669 456 912 511 vectigalia,
945 471 1051 510 quae
1082 456 1280 499 Metellus
1313 458 1585 514 inposuisset,

243 537 266 563 a
298 525 445 563 senatu
476 522 632 576 petisse
665 521 863 563 abolenda
894 524 936 562 et
968 521 1057 562 eius
1089 522 1291 575 pecuniae
1322 523 1584 576 provinciam

241 587 443 629 liberasse
469 586 679 640 simulque
705 586 940 640 patrocinio
967 589 1163 640 suscepto
1190 587 1336 628 multis
1362 587 1585 643 legationi-

241 652 320 693 bus
351 652 402 693 ab
429 667 473 693 se
499 652 541 693 in
569 654 762 693 senatum
784 651 967 692 inductis
988 651 1116 691 simul
1133 665 1213 704 pro
1238 652 1420 706 publicis
1448 654 1585 707 priva-

244 717 384 771 tisque
410 717 548 758 causis
573 716 806 757 multorum
832 715 1069 757 inimicitiis
1096 717 1304 770 susceptis
1331 717 1587 772 defendisse3

245 796 321 823 suo
353 782 455 823 item
488 782 530 822 in
562 781 784 823 consulatu
818 780 1052 834 absentem,
1085 795 1190 835 quae
1223 782 1444 837 potuisset,
1475 798 1586 824 com-

244 847 370 888 moda
388 847 628 901 provinciae
649 846 869 888 tribuisse:
891 860 1037 887 eorum
1057 846 1247 887 omnium
1268 847 1586 889 commodorum

245 915 288 953 et
319 912 587 953 immemores
620 915 663 952 et
694 911 885 966 ingratos
913 910 957 951 in
989 925 1033 952 se
1066 914 1108 952 et
1134 911 1177 952 in
1203 911 1408 965 populum
1434 912 1587 953 Roma-

246 991 347 1017 num
367 977 448 1018 hoc
466 976 579 1017 bello
600 979 642 1017 et
661 976 890 1030 praeterito
911 977 1100 1029 tempore
1121 990 1336 1031 cognosse.
1369 976 1475 1018 ‘Vos
1496 977 1587 1018 iure

247 1041 437 1096 gentium
464 1041 704 1094 civiumque
723 1040 1013 1082 Romanorum
1040 1041 1248 1082 institutis
1269 1042 1450 1096 cognitis
1470 1057 1589 1085 more

245 1106 522 1147 barbarorum
561 1105 708 1160 populi
740 1105 923 1147 Romani
954 1105 1275 1160 magistratibus
1308 1107 1588 1148 sacrosanctis

246 1186 395 1212 manus
421 1170 551 1212 semel
577 1173 619 1211 et
645 1171 812 1224 saepius
839 1170 1044 1212 attulistis
1071 1173 1113 1211 et
1138 1170 1230 1212 luce
1257 1170 1369 1212 clara
1395 1170 1588 1213 Cassium

247 1236 289 1277 in
333 1236 472 1277 medio
516 1236 608 1277 foro
654 1236 812 1277 nefarie
855 1235 1092 1276 interficere
1130 1235 1338 1276 voluistis.
1401 1235 1490 1277 Vos
1529 1236 1590 1277 ita

244 1315 389 1355 pacem
429 1315 594 1355 semper
632 1301 800 1355 odistis,
837 1303 886 1341 ut
923 1300 1040 1341 nullo
1079 1303 1269 1354 tempore
1300 1300 1489 1355 legiones
1521 1301 1589 1342 de-

245 1366 350 1407 sitae
399 1367 484 1408 sint
531 1365 678 1419 populi
720 1364 903 1406 Romani
952 1365 992 1406 in
1041 1365 1120 1407 hac
1169 1366 1386 1419 provincia
1428 1365 1588 1407 haberi.

244 1430 373 1484 Apud
404 1445 479 1471 vos
510 1430 714 1472 beneficia
746 1445 822 1484 pro
854 1429 1087 1484 maleficiis,
1118 1430 1325 1471 maleficia
1355 1445 1432 1484 pro
1464 1431 1588 1471 bene—

245 1496 353 1537 ficiis
390 1495 610 1537 habentur.
674 1494 740 1536 Ita
776 1510 912 1549 neque
950 1495 993 1535 in
1032 1495 1119 1536 otio
1152 1495 1417 1536 concordiam
1449 1508 1589 1549 neque

246 1561 288 1601 in
320 1560 431 1601 bello
464 1560 665 1601 virtutem
699 1560 786 1601 ullo
818 1562 1008 1613 tempore
1034 1560 1214 1601 retinere
1241 1560 1453 1613 potuistis.
1498 1559 1589 1600 Pri-

246 1628 368 1666 vatus
413 1640 462 1666 ex
506 1625 609 1680 fuga
646 1624 718 1666 Cn.
757 1624 986 1678 Pompeius
1023 1624 1268 1666 adulescens
1307 1639 1331 1664 a
1368 1623 1489 1664 vobis
1527 1638 1589 1664 re·

247 1693 392 1744 ceptus
412 1690 546 1732 fasces
568 1689 877 1744 imperiumque
892 1690 974 1730 sibi
989 1689 1180 1743 arripuit,
1193 1688 1340 1730 multis
1355 1688 1590 1729 interfectis

247 1755 410 1796 civibus
448 1754 606 1796 auxilia
643 1757 791 1796 contra
822 1754 1027 1808 populum
1059 1754 1300 1796 Romanum
1333 1753 1592 1807 conparavit,

247 1833 372 1874 agros
416 1819 760 1873 provinciamque
798 1822 938 1860 vestro
977 1819 1149 1874 inpulsu
1188 1818 1471 1873 depopulavit.
1539 1816 1590 1858 In

248 1899 330 1938 quo
369 1899 444 1925 vos
478 1885 660 1925 victores
694 1884 955 1926 exstabatis‘?
1017 1884 1085 1925 An
1118 1899 1184 1925 me
1218 1884 1354 1925 deleto
1387 1897 1471 1923 non
1504 1882 1590 1922 ani-

248 1963 363 1989 mum
414 1948 696 1989 advertebatis
750 1949 891 1989 decem
940 1949 1096 1991 habere
1145 1948 1333 2003 legiones
1384 1946 1588 2001 populum

247 2013 499 2067 Romanum,
531 2027 637 2067 quae
669 2028 753 2054 non
786 2013 923 2055 solum
956 2014 1077 2055 vobis
1109 2014 1326 2067 obsistere,
1359 2012 1431 2053 sed
1461 2012 1588 2052 etiam

248 2079 409 2120 caelum
453 2078 618 2119 diruere
660 2078 861 2131 possent?
930 2078 1116 2128 Quarum
1161 2077 1357 2118 laudibus
1402 2079 1466 2118 est
1509 2076 1590 2117 vir-

248 2146 338 2185 tute
369 2176 523 2184 ......
