1638 2600
476 100 578 136 CAP.
605 101 1001 136 XXXVH—XXXXH.
1353 102 1406 142 ‘27

73 197 356 239 concurritur:
396 197 547 238 acriter
583 197 781 251 varieque
825 200 1049 252 pugnatur.
1116 197 1228 239 Nam
1266 209 1409 238 XXXVI

71 261 202 316 legio,
235 275 330 302 cum
363 264 483 302 extra
513 261 672 303 fossam
706 262 750 302 in
776 262 940 315 equites
972 262 1084 317 regis
1116 262 1321 316 impetum
1352 262 1408 302 fe-

70 326 216 378 cisset,
260 325 362 366 adeo
407 327 638 367 secundum
681 325 890 380 proelium
934 326 1052 380 fecit,
1095 329 1144 367 ut
1187 326 1408 367 moenibus

70 389 215 444 oppidi
236 389 477 431 succederet
495 390 738 444 fossamque
764 390 965 431 transiret
991 405 1244 445 aversosque
1263 390 1407 431 hostes

70 453 379 508 adgrederetur.
440 453 500 494 At
531 454 710 496 Pontica
740 468 792 495 ex
830 454 963 495 altera
993 457 1113 508 parte
1144 454 1275 510 legio,
1313 469 1407 495 cum
1434 466 1454 495 2

68 517 244 572 paulum
270 532 415 559 aversa
439 517 636 559 hostibus
657 518 864 572 cessisset,
888 518 1047 559 fossam
1068 522 1209 560 autem
1234 519 1407 560 circum-

69 583 130 624 ire
164 596 210 623 ac
242 583 538 624 transcendere
571 585 720 624 conata
753 585 881 637 esset,
920 586 969 624 ut
1007 584 1057 624 ab
1096 587 1240 637 aperto
1279 583 1409 624 latere

69 646 370 701 adgrederetur
406 646 593 701 hostem,
634 647 678 688 in
716 647 808 702 ipso
847 648 1030 689 transitu
1069 648 1207 690 fossae
1244 649 1409 690 confixa

67 713 111 753 et
143 725 343 765 oppressa
382 714 455 752 est.
517 712 708 753 Deiotari
739 726 838 753 vero
876 712 1065 768 legiones
1096 713 1168 754 vix
1201 714 1407 767 impetum

68 776 374 817 sustinuerunt.
436 775 503 817 Ita
546 777 740 818 victrices
784 777 925 831 regiae
971 776 1115 830 copiae
1157 790 1286 817 cornu
1330 791 1406 818 suo
1434 787 1453 816 3
1514 796 1518 800 -

68 840 218 881 dextro
250 840 472 895 mediaque
504 842 591 883 acie
629 844 927 883 converterunt
959 855 1003 882 se
1041 841 1094 882 ad
1126 853 1270 882 XXXVI
1306 842 1407 897 legi-

68 919 202 946 onem.
255 904 370 953 Quae
396 908 537 946 tamen
563 905 732 947 fortiter
755 906 1017 947 vincentium
1046 906 1253 960 impetum
1284 908 1407 948 susti—

67 970 174 1024 nuit,
207 970 379 1024 magnis
406 970 539 1024 copiis
564 969 754 1011 hostium
780 970 1038 1012 circumdata
1062 971 1407 1025 praesentissimo

66 1035 209 1075 animo
248 1047 446 1088 pugnans
484 1034 529 1075 in
567 1035 711 1076 orbem
743 1050 787 1076 se
818 1035 978 1088 recepit
1009 1035 1062 1075 ad
1098 1035 1259 1076 radices
1291 1050 1406 1077 mon-

68 1100 195 1153 tium;
234 1108 316 1153 quo
348 1098 587 1140 Pharnaces
620 1100 786 1154 insequi
817 1102 992 1153 propter
1023 1099 1293 1153 iniquitatem
1324 1099 1407 1141 loci

67 1163 216 1205 noluit.
277 1162 344 1204 Ita
367 1162 547 1204 Pontica
577 1164 744 1219 legione
776 1178 906 1218 paene
938 1167 1030 1205 tota
1055 1164 1222 1218 amissa,
1253 1178 1407 1219 magna
1431 1174 1453 1204 4

67 1231 186 1282 parte
217 1227 410 1268 Deiotari
442 1227 628 1268 militum
660 1228 884 1269 interfecta
915 1240 1060 1269 XXXVI
1097 1228 1209 1283 legio
1241 1230 1285 1270 in
1315 1230 1407 1271 loca

67 1307 112 1334 se
162 1292 382 1346 superiora
428 1292 610 1332 contulit
659 1307 744 1333 non
789 1292 973 1346 amplius
1019 1303 1104 1333 CCL
1149 1293 1406 1335 desideratis.

68 1357 322 1399 Ceciderunt
347 1370 395 1397 eo
422 1356 584 1410 proelio
605 1356 817 1410 splendidi
838 1359 964 1410 atque
984 1356 1186 1398 inlustres
1205 1358 1287 1398 viri
1306 1373 1406 1399 non·
1434 1368 1452 1398 5

67 1422 188 1476 nulli,
209 1422 372 1475 equites
392 1420 586 1462 Romani.
631 1420 723 1470 Quo
741 1424 884 1462 tamen
904 1421 1171 1461 incommodo
1190 1420 1406 1463 Domitius

41 1489 238 1541 ‘accepto
271 1486 472 1540 reliquias
505 1486 714 1527 exercitus
741 1486 936 1539 dissipati
962 1484 1135 1540 collegit
1166 1485 1406 1528 itineribus-

67 1566 148 1606 que
180 1551 286 1592 tutis
317 1565 392 1604 per
424 1549 733 1605 Cappadociam
765 1565 809 1592 se
841 1550 885 1590 in
917 1548 1065 1590 Asiam
1096 1550 1265 1604 recepit.

154 1614 349 1657 XXXXI.
392 1614 631 1657 Pharnaces
662 1616 788 1657 rebus
828 1613 1023 1655 secundis
1056 1613 1191 1655 elatus
1229 1629 1324 1656 cum
1356 1616 1406 1657 de
1434 1627 1450 1656 1

68 1679 243 1722 Caesare
275 1694 339 1734 ea,
379 1694 485 1734 quae
517 1680 710 1734 optabat,
747 1682 955 1734 speraret,
991 1678 1178 1720 Pontum
1209 1680 1406 1720 omnibus

65 1745 201 1799 copiis
235 1744 457 1798 occupavit
488 1744 632 1799 ibique
665 1748 706 1786 et
733 1745 871 1786 victor
903 1746 944 1786 et
977 1743 1295 1785 crudelissimus
1321 1759 1406 1799 reX,

66 1824 164 1850 cum
196 1809 279 1850 sibi
310 1809 525 1868 fortunam
563 1811 783 1862 paternam
819 1808 1008 1850 feliciore
1040 1811 1194 1849 eventu
1227 1808 1406 1849 destina-

65 1876 145 1927 ret,
169 1873 305 1914 multa
325 1873 481 1927 oppida
501 1874 771 1928 expugnavit,
802 1873 914 1915 bona
933 1873 1090 1914 civium
1115 1872 1406 1914 Romanorum

65 1937 425 1992 Ponticorumque
452 1937 639 1993 diripuit,
669 1938 879 1993 supplicia
904 1938 1127 1979 constituit
1152 1938 1197 1979 in
1222 1952 1306 1992 eOS,
1332 1938 1406 1991 qui
1431 1950 1451 1980 2

67 2001 252 2057 aliquam
289 2002 449 2044 formae
489 2005 615 2057 atque
653 2003 805 2044 aetatis
838 2002 1249 2044 commendationem
1280 2001 1404 2042 habe-

65 2066 180 2120 bant,
211 2081 270 2120 ea,
300 2081 405 2121 quae
424 2070 560 2108 morte
581 2071 721 2109 essent
740 2067 970 2120 miseriora,
996 2065 1266 2120 Pontumque
1286 2065 1403 2106 nullo

66 2131 313 2173 defendente
344 2134 568 2185 paternum
600 2146 778 2187 regnum
810 2131 998 2187 glorians
1031 2145 1076 2172 se
1101 2131 1307 2184 recepisse
1333 2130 1403 2171 ob-

65 2196 239 2238 tinebat.

153 2259 370 2302 XXXXH.
422 2260 509 2303 Sub
541 2261 654 2302 idem
685 2264 852 2316 tempus
885 2262 931 2302 in
954 2260 1127 2314 Illyrico
1154 2263 1218 2302 est
1246 2261 1402 2302 incom-
1431 2273 1447 2303 1

66 2324 238 2365 modum
269 2328 505 2381 acceptum,
539 2341 645 2380 quae
676 2326 894 2380 provincia
927 2325 1218 2379 superioribus
1251 2325 1403 2366 mensi-
