1669 2574
199 117 286 158 210
489 118 524 153 C.
551 117 664 152 IULH
691 116 917 151 CAESARIS
943 116 1254 152 FRAGMENTA.

73 222 144 240 2-11
159 222 182 239 0
199 233 244 237 -
268 214 328 255 23,
349 215 371 247 3
398 215 446 256 (a.
475 213 507 246 (Ζ.
534 212 599 246 IV
619 212 676 245 Id.
704 211 839 254 Febr.)
899 211 1064 245 Caesaris
1102 211 1303 246 litterarum
1339 211 1543 255 ecc-emplum

74 250 180 276 DCCV
200 260 266 295 tibi
291 260 382 294 misi.

99 287 157 318 (49)
295 318 365 352 Cic.
392 318 441 351 ad
465 317 539 351 Att.
567 317 676 360 VIII,
696 319 732 359 2,
752 320 771 351 1
801 319 849 360 (a.
877 316 910 351 d.
940 317 1052 350 XIII
1073 316 1160 351 Kal.
1188 317 1331 359 Mart..)
1383 317 1464 362 Eyo
1489 317 1539 351 ad

200 366 386 400 Caesarem
410 375 506 398 unas
526 363 653 407 Capua
676 364 814 398 litteras
832 363 925 406 decli,
952 364 1081 407 quibus
1105 364 1154 398 ad
1179 375 1220 398 ea
1244 364 1423 408 rescripsi,
1449 375 1541 408 quae

198 423 331 447 mecum
369 412 428 445 ille
465 412 508 445 de
543 411 808 456 gladiatoribus
839 422 915 446 suis
946 415 1108 456 egerat..
1124 411 1310 446 ,Alteras
1340 412 1457 446 eodem
1483 411 1542 446 die

198 460 297 501 (ledi,
329 469 397 502 quo
422 458 488 493 lias
513 458 562 492 ad
587 462 636 493 te:
667 469 742 492 non
762 459 868 502 potui
893 469 966 492 non
992 459 1097 501 clare,
1122 470 1231 503 quum
1257 463 1289 493 et
1314 459 1388 503 ipse
1414 459 1463 492 ad
1488 469 1541 493 me

201 506 400 550 scripsisset
425 509 456 540 et
480 505 633 540 Balbus.

295 565 365 599 Cic.
387 565 436 599 ad
454 564 528 599 Att.
550 564 661 606 VIII,
682 567 738 606 11,
760 567 781 598 5
809 566 857 607 (a.
873 564 906 598 (l.
928 564 1001 597 III
1016 564 1103 598 Kal.
1120 564 1264 607 Mart).
1302 564 1405 609 Quod
1431 575 1537 609 quae-

197 614 266 655 ris,
292 613 380 657 quid
407 612 539 646 Caesar
564 612 613 645 acl
639 623 690 645 me
715 612 907 655 scripserit,
934 611 1028 655 quod
1052 622 1172 655 saepe,
1197 612 1445 656 qratissimum
1469 612 1541 646 sibi

195 671 278 702 esse,
304 660 398 704 quod
424 659 586 704 quierim,
612 663 770 703 oratque,
795 659 836 693 in
861 670 899 693 eo
924 663 965 693 ut
985 669 1210 702 perseverem.
1256 659 1397 693 Balbus
1422 659 1541 693 minor

195 708 281 741 haec
317 707 439 741 eadem
475 706 660 741 mandata.
697 727 741 730 ——
780 709 826 740 15
840 706 893 748 A,
914 709 935 740 3
969 706 1127 749 (Balbus
1159 706 1207 740 acl
1234 706 1372 749 Cicer).
1425 706 1540 740 Balbi

195 755 265 789 mei
290 755 412 798 tuique
438 754 596 788 adventu
621 753 831 788 delectatum
862 757 893 788 te
918 753 1022 788 valde
1045 753 1203 798 yaucleo:
1242 753 1274 787 is
1299 764 1539 798 quaecumque

195 802 263 836 tibi
288 802 329 836 (le
357 802 507 836 Caesare
532 801 627 835 (lixit
652 812 809 844 quaeque
836 800 968 835 Caesar
992 801 1152 844 scripsit,
1183 801 1274 843 scio,
1304 811 1342 834 re
1367 801 1434 835 tibi
1453 811 1541 844 pro·

195 849 306 891 babit,
332 859 571 893 quaecumque
595 848 747 891 fortuna
773 848 848 882 eius
872 848 997 890 faerit,
1022 848 1202 882 verissime
1227 848 1422 892 scripsisse.

461 978 538 1012 AD
565 978 608 1012 L.
636 977 950 1013 LENTULUM
974 977 1275 1013 CONSULEM.

292 1043 363 1078 Cic.
391 1044 439 1077 acl
464 1043 538 1077 Att.
573 1042 690 1085 VIII,
711 1045 743 1084 9,
763 1045 795 1076 4.
852 1042 915 1076 VI.
944 1042 1029 1076 Kal.
1059 1043 1209 1086 (Mart.)
1236 1043 1371 1087 vesperi
1396 1042 1540 1077 Balbus

193 1091 313 1125 minor
350 1091 398 1124 acl
435 1101 488 1124 me
518 1091 614 1125 venit
644 1090 783 1124 occulta
807 1090 868 1124 via
893 1101 1041 1124 currens
1066 1091 1114 1123 acl
1140 1090 1337 1125 Lentulum
1362 1090 1542 1125 consulem

194 1139 306 1172 missu
340 1138 506 1172 Caesaris
536 1149 615 1172 cum
653 1137 798 1179 litteris,
836 1148 915 1171 cum
952 1138 1153 1179 mandatis,
1191 1149 1270 1172 cum
1303 1137 1542 1182 promissione

189 1185 413 1229 provinciae,
439 1184 593 1219 Romam
617 1189 657 1219 ut
682 1185 812 1219 redeat.
840 1206 883 1209 —
920 1185 968 1218 ad
993 1185 1067 1219 Aa.
1101 1185 1217 1227 VIII,
1238 1188 1294 1227 11,
1315 1188 1346 1219 5.
1398 1185 1542 1219 Balbus

194 1233 313 1266 minor
338 1233 423 1267 haec
448 1232 569 1267 eadem
594 1232 790 1274 inundata,-
827 1232 894 1266 iter
919 1236 1037 1266 autem
1062 1232 1138 1266 eius
1163 1236 1240 1267 erat
1265 1232 1314 1266 aa
1339 1232 1536 1267 Lentulum

192 1280 372 1314 consulem
398 1291 478 1314 cum
503 1279 630 1314 litteris
657 1279 822 1314 Caesaris
842 1280 1155 1323 praemiorumque
1176 1279 1375 1323 promissis.

472 1421 548 1455 AD
576 1421 632 1455 M.
662 1421 916 1455 TULLIUM
937 1420 1266 1456 CICERONEM.

290 1491 360 1526 Cic.
388 1492 437 1526 acl
461 1491 536 1526 Att.
563 1492 643 1533 IX,
664 1494 704 1534 6,
723 1492 768 1526 A.
827 1491 962 1526 Caesar
991 1491 1078 1536 imp.
1114 1491 1146 1526 S.
1173 1491 1216 1526 D
1249 1490 1415 1526 Ciceroni
1447 1491 1534 1536 imp

193 1538 314 1580 Quum
339 1538 516 1572 Furnium
540 1519 708 1573 nostruni
733 1540 882 1573 tantum
907 1538 1097 1583 vidissem⁷
1129 1549 1250 1583 neque
1281 1538 1384 1583 loqui
1416 1549 1536 1582 neque

193 1585 323 1620 audire
354 1597 435 1620 meo
468 1586 658 1620 commodo
690 1586 910 1630 potuissem,
948 1596 1185 1630 properarem
1218 1588 1329 1630 atque
1355 1596 1473 1620 essem
1498 1585 1538 1620 in

192 1633 326 1668 itinere
351 1632 577 1678 piaemissis
589 1632 665 1667 iam
690 1633 912 1678 legionibus
938 1632 1141 1678 praeterire
1168 1635 1293 1668 tamen
1319 1644 1392 1667 non
1417 1632 1534 1678 potui,

192 1680 283 1725 quin
310 1682 347 1715 et
373 1680 572 1715 scribeiem
599 1680 647 1714 ad
673 1682 709 1714 te
737 1682 773 1714 et
798 1680 906 1714 illum
931 1680 1118 1715 mitterem
1137 1680 1353 1726 gratiasque
1374 1691 1535 1725 agerem,

193 1728 265 1763 etsi
289 1728 360 1762 hoc
387 1729 424 1762 et
448 1727 520 1762 feci
547 1738 656 1772 saepe
683 1729 720 1762 et
747 1727 893 1773 saepius
919 1727 1011 1761 mihi
1037 1728 1203 1762 facturus
1229 1727 1371 1762 videor:
1409 1727 1463 1762 ita
1489 1727 1535 1761 de

191 1786 250 1810 me
276 1775 437 1810 mereris.
476 1774 659 1819 imprimis
687 1786 708 1809 a
732 1777 769 1809 te
794 1777 893 1820 peto,
920 1774 1095 1819 quoniam
1121 1775 1264 1809 confido
1289 1786 1348 1809 me
1369 1774 1539 1809 celeriter

193 1823 242 1856 ad
267 1823 396 1857 urbem
421 1824 626 1866 venturum,
654 1824 696 1856 ut
721 1824 759 1857 te
785 1822 839 1856 ibi
863 1822 1020 1867 videam,
1046 1824 1088 1856 ut
1114 1824 1177 1857 tuo
1204 1822 1370 1865 consilio,
1397 1821 1533 1867 gratia,

192 1869 396 1914 dignitate,
430 1881 498 1914 ope
525 1869 690 1904 omnium
715 1880 838 1903 rerum
863 1869 918 1904 uti
943 1869 1092 1914 possim.
1143 1869 1200 1903 Ad
1226 1869 1457 1915 propositum
1482 1879 1538 1903 re-

191 1919 329 1952 vertar:
361 1916 592 1951 festinationi
617 1928 722 1951 meae
747 1916 997 1961 brevitatique
1021 1916 1231 1951 litterarum
1256 1916 1442 1961 ignosces3
1478 1927 1534 1951 re-

191 1963 295 2008 liqua
321 1974 364 1998 ex
390 1963 525 1998 Furnio
551 1975 761 2009 cognosces,

688 2082 763 2116 AD
795 2082 942 2116 BALB
951 2082 1039 2117 UM.

287 2147 358 2182 Cic.
386 2147 435 2181 aol
460 2147 534 2182 Att.
561 2147 635 2189 IX,
657 2149 690 2189 6,
710 2150 729 2180 1
759 2150 807 2189 (a.
835 2148 868 2181 cl.
895 2147 959 2181 IV
980 2147 1037 2182 Iol.
1066 2147 1209 2183 Mart).
1247 2147 1364 2182 Roma
1389 2147 1535 2191 scripsit

192 2195 334 2229 Balbus
367 2195 497 2238 putari
533 2194 608 2228 iam
633 2194 830 2228 Lentulum
864 2195 1042 2229 consulem
1079 2195 1275 2229 tramisisse
1305 2205 1369 2229 nec
1399 2206 1480 2229 eum
1511 2206 1535 2229 a

190 2243 327 2276 minore
353 2242 471 2276 Balbo
508 2245 734 2284 conventum,
773 2242 867 2285 quod
904 2242 937 2276 is
973 2242 1037 2276 hoc
1069 2242 1143 2275 iam
1177 2242 1331 2276 Canusii
1362 2242 1535 2284 audisset,

190 2290 275 2324 ‘inde
301 2289 349 2323 ad
373 2300 409 2323 se
434 2300 512 2323 eum
536 2289 735 2333 scripsisse,
761 2289 983 2333 cohortesque
1008 2300 1086 2331 sex,
1113 2300 1203 2332 quae
1228 2289 1343 2324 Albae
1368 2289 1535 2331 fuissent,

190 2337 240 2370 (al
267 2336 418 2370 Cim-iam
445 2337 506 2371 via
533 2336 707 2370 Minucia
732 2336 914 2378 transisse,
939 2336 978 2370 id
1005 2336 1191 2371 Caesarem
1217 2337 1266 2371 ad
1290 2347 1325 2371 se
1349 2336 1534 2381 scripsisse

189 2388 222 2420 et
248 2384 344 2418 brevi
369 2388 520 2428 tempore
545 2394 624 2418 eum
650 2383 698 2418 ad
722 2383 844 2418 urbem
868 2384 1044 2426 futurum.
