1638 2600
459 97 558 132 CAP.
585 96 981 131 XXXHII—XXXVII.
1345 96 1402 137 69

0 232 11 241 Μ
67 194 118 237 ad
159 196 200 234 te
246 192 459 234 voluimus
504 193 546 233 in
590 196 746 247 tuaque
791 192 1002 247 praesidia
1044 191 1287 247 confugere3
1332 190 1405 232 sed

66 256 267 300 custodiis
307 256 499 310 equitum
536 255 837 310 Numidarum,
880 271 964 311 quo
1008 256 1051 298 id
1091 255 1181 298 sine
1217 254 1404 310 periculo

9 354 12 360 .
66 322 204 364 minus
233 320 478 375 faceremus,
509 321 856 375 impediebamur.
918 320 1045 363 Nunc
1076 320 1174 362 data
1204 319 1406 361 facultate

10 397 12 401 ’
66 386 118 429 ad
146 388 188 427 te
213 385 484 440 cupidissime
509 386 702 427 venimus
726 399 806 440 pro
839 384 1176 439 speculatoribus
1206 384 1327 426 missi
1352 383 1404 425 ab

67 449 279 504 Scipione,
316 452 365 491 ut
396 450 749 505 perspiceremus,
784 463 887 491 num
926 463 1032 504 quae
1068 449 1207 491 fossae
1242 451 1315 491 aut
1344 448 1405 490 in-

0 552 2 563 ,
66 515 194 558 sidiae
237 513 474 568 elephantis
519 517 617 556 ante
660 516 798 556 castra
843 516 1072 568 portasque
1121 513 1223 556 valli
1270 513 1405 555 factae

66 581 214 633 essent,
251 578 463 633 simulque
496 577 673 621 consilia
702 580 844 621 vestra
873 580 1022 619 contra
1052 577 1218 619 easdem
1248 577 1406 619 bestias

8 678 12 684 .
65 643 507 698 comparationemque
557 657 725 698 pugnae
775 656 1123 698 cognosceremus
1173 645 1299 697 atque
1345 641 1405 683 eis

64 707 427 750 renuntiaremus?
484 707 567 758 Qui
594 706 835 749 conlaudati
860 721 885 748 a
910 705 1086 748 Caesare
1111 706 1405 761 stipendioque

7 808 12 813 .
65 772 208 815 donati
238 772 291 813 ad
320 771 509 827 reliquos
541 772 741 827 perfugas
770 771 1045 813 deducuntur.
1103 769 1292 821 Quorum
1318 783 1405 811 ora-

64 837 222 880 tionem
254 836 448 878 celeriter
477 837 635 878 veritas
667 836 978 891 comprobavit:
1015 849 1198 890 namque
1234 836 1405 889 postero

4 937 11 949 ,
64 901 130 944 die
167 916 219 943 ex
255 900 496 956 legionibus
533 901 620 955 his,
658 915 762 956 quas
797 899 966 942 Gaetuli
1002 899 1294 954 nominarunt,
1329 898 1406 940 mi-

1 979 12 1009 ·,
63 966 160 1008 lites
178 965 402 1021 legionarii
428 965 667 1021 complures
694 965 746 1006 ab
769 964 965 1019 Scipione
991 964 1035 1005 in
1059 966 1196 1006 castra
1216 961 1406 1004 Caesaris

64 1030 352 1086 perfugerunt.

150 1093 348 1136 XXXVI.
408 1095 523 1136 Dum
566 1094 671 1136 haec
714 1094 767 1135 ad
804 1093 1041 1148 Ruspinam
1085 1095 1307 1148 geruntur,
1349 1091 1406 1133 M.

0 1204 2 1213 s
66 1158 180 1213 Cato,
206 1159 279 1213 qui
303 1158 454 1201 Uticae
480 1162 686 1214 praeerat,
713 1158 893 1200 dilectus
920 1158 1074 1200 cotidie
1099 1158 1408 1212 libertinorum,

5 1261 10 1267 .
63 1223 283 1278 Afrorum,
327 1238 546 1265 servorum
585 1223 764 1277 denique
804 1227 846 1265 et
884 1222 1204 1277 cuiusquemodi
1242 1222 1407 1277 generis

64 1287 296 1342 hominum,
330 1288 403 1342 qui
435 1287 562 1328 modo
594 1302 669 1342 per
700 1290 882 1329 aetatem
914 1301 1031 1328 arma
1060 1287 1169 1328 ferre
1199 1289 1408 1341 poterant,

64 1351 217 1394 habere
248 1354 375 1406 atque
403 1352 482 1393 sub
509 1366 683 1392 manum
712 1350 901 1406 Scipioni
925 1351 971 1392 in
996 1353 1135 1392 castra
1158 1350 1407 1392 submittere

0 1446 4 1473 3
64 1430 148 1458 non
184 1416 441 1457 intermittit.
502 1415 655 1470 Legati
692 1416 863 1457 interim
902 1431 954 1457 ex
991 1415 1147 1470 oppido
1179 1414 1407 1470 Thysdrae,

64 1481 108 1522 in
139 1480 252 1535 quod
280 1481 413 1522 tritici
444 1480 635 1521 modium
667 1480 788 1522 milia
819 1490 902 1521 ccc
941 1482 1206 1535 comportata
1241 1479 1410 1521 fuerant

66 1560 90 1586 a
129 1545 466 1600 negotiatoribus
504 1543 668 1586 Italicis
713 1544 1055 1599 aratoribusque,
1098 1544 1151 1586 ad
1188 1543 1408 1586 Caesarem

65 1609 222 1663 venire,
260 1611 500 1664 quantaque
533 1608 654 1663 copia
687 1609 893 1651 frumenti
924 1609 1036 1664 apud
1067 1623 1111 1651 se
1146 1608 1220 1663 sit,
1259 1608 1410 1650 docent

65 1672 274 1728 simulque
305 1676 439 1727 orant,
471 1675 519 1715 ut
551 1673 634 1714 sibi
659 1673 920 1728 praesidium
944 1673 1102 1727 mittat,
1134 1687 1217 1727 quo
1242 1671 1408 1714 facilius

0 1772 2 1777 .
66 1739 108 1778 ct
148 1737 409 1779 frumentum
452 1740 495 1779 et
538 1737 683 1791 copiae
726 1753 826 1780 suae
864 1740 1176 1780 conserventur.
1245 1736 1408 1787 Quibus

1 1821 4 1827 ·
67 1800 217 1844 Caesar
246 1803 291 1844 in
321 1803 561 1857 praesentia
591 1803 750 1858 gratias
783 1803 871 1858 egit
907 1802 1255 1857 praesidiumque
1291 1802 1409 1844 brevi

0 1910 4 1916 ,
66 1868 254 1921 tempore
279 1881 323 1909 se
348 1867 580 1908 missurum
606 1867 715 1908 dixit
741 1867 1073 1921 cohortatusque
1101 1867 1153 1907 ad
1178 1881 1277 1908 suos
1297 1867 1408 1908 cives

0 1975 4 1981 ,
67 1930 182 1973 iubet
211 1931 434 1986 proficisci.
494 1931 540 1973 P.
575 1930 729 1973 Sittius
762 1932 935 1973 interim
967 1945 1063 1973 cum
1094 1931 1228 1986 copiis
1259 1931 1408 1974 Numi-

0 2040 3 2046 ,
68 1995 156 2037 diae
192 1996 298 2038 fines
336 1996 554 2051 ingressus
593 1996 815 2038 castellum
855 1997 899 2038 in
930 1996 1087 2038 montis
1119 1996 1212 2038 loco
1243 1996 1408 2037 munito

67 2058 259 2115 locatum,
290 2061 334 2101 in
366 2061 479 2115 quod
508 2060 614 2103 Iuba
648 2061 751 2102 belli
783 2061 955 2116 gerendi
987 2060 1124 2116 gratia
1155 2063 1197 2102 et
1226 2060 1410 2101 frumen-

0 2115 2 2127 ’
67 2125 157 2165 tum
189 2127 231 2166 et
261 2139 329 2166 res
366 2128 545 2181 ceteras,
586 2141 691 2181 quae
729 2126 782 2167 ad
817 2125 978 2167 bellum
1009 2126 1106 2166 usui
1137 2125 1275 2166 solent
1307 2139 1410 2179 esse,

69 2191 414 2243 comportaverat,
445 2190 489 2231 vi
521 2190 802 2245 expugnando
835 2192 899 2231 est
929 2190 1103 2244 potitus.

156 2252 373 2295 XXXVII.
447 2253 599 2296 Caesar
640 2258 868 2309 postquam
911 2254 1151 2309 legionibus
1199 2254 1408 2295 veteranis

71 2314 249 2371 duabus,
288 2317 480 2371 equitatu
517 2318 684 2373 levique
720 2323 932 2361 armatura
964 2319 1104 2372 copias
1138 2332 1233 2359 suas
1267 2333 1317 2359 ex
1349 2333 1408 2360 se-

1432 717 1451 747 ΕῙΙ

1434 1428 1454 1457 2

1434 1750 1454 1780 3

1433 1944 1455 1975 4

1436 2266 1454 2297 1
