1669 2574
92 224 116 241 a.
131 224 161 242 u.
177 224 200 241 c.

84 251 207 277 Docw

114 287 175 319 (48)

219 121 306 162 214
510 121 546 156 C.
573 121 687 156 IULII
713 120 940 156 CAESARIS
965 121 1276 156 FRAGMENTA.

220 215 352 250 τούτου
386 215 532 260 λαμπὰς
566 215 726 258 ἀρθεῖσα
761 214 980 259 φλογοειδὴς
1014 214 1074 248 ἐπὶ
1100 214 1299 259 Πομπηΐου
1333 215 1559 261 κατέσκηψε·

219 263 282 297 καὶ
307 268 414 297 τοῦτο
441 262 536 296 ἰδεῖν
562 273 651 306 φησι
677 264 821 305 Καῖσαρ
848 261 959 301 αὐτὸς
984 260 1096 296 ε’πιὼν
1120 261 1186 301 τὰς
1211 261 1389 306 φυλακάς.

311 310 407 354 App.
435 310 528 343 Bell.
558 309 631 343 Civ.
663 309 727 351 II,
749 311 805 343 79.
858 307 1052 352 Πομπήιος
1090 307 1131 343 δὲ
1168 307 1383 353 πυθόμενος
1421 309 1560 345 ἐκέλευε

216 362 293 396 τοῖς
327 359 448 397 πεζοῖς
482 354 564 399 μήτ’
590 355 764 390 ἐπεκθεῖν
800 354 850 389 ἔτι
877 354 958 399 μήτ’
983 353 1163 401 ἐκτρέχειν
1201 355 1240 390 ἐκ
1276 362 1341 401 τῆς
1372 356 1561 402 φάλαγγος

217 401 299 447 μήτ’
318 401 535 446 ἀκοντίζειν,
561 400 639 436 ἀλλ’
660 404 700 437 ἐν
725 403 887 448 προβολῇ
914 402 1137 442 διαστάντας
1162 403 1371 446 ἀμύνεσθαι
1397 403 1460 438 διὰ
1487 416 1560 449 χει-

217 450 279 492 ρὸς
309 456 386 489 τοῖς
416 448 548 493 δόρασι
578 450 664 489 τοὺς
696 448 878 489 ἐπιόντας.
929 450 992 484 καὶ
1017 448 1101 484 τόδε
1126 449 1222 490 τινὲς
1247 450 1361 485 αὐτοῦ
1387 451 1426 485 τὸ
1453 462 1561 495 στρα-

216 497 360 542 τήγημα
387 496 603 531 ἐπαινοῦσιν
622 497 670 537 ὡς
690 496 839 540 ἄριστον
866 496 905 532 ἐν
930 498 1200 540 περικυκλώσει.
1237 497 1255 532 ὁ
1283 496 1323 532 δὲ
1350 501 1493 542 Καῖσαρ
1520 497 1561 533 ἐν

215 550 296 584 ταῖς
321 543 528 584 ἐπιστολαῖς
562 542 848 588 καταμέμφεται.
899 543 964 584 τάς
988 556 1027 578 τε
1053 543 1121 589 γὰρ
1147 543 1287 590 πληγὰς
1312 545 1383 580 ὑπὸ
1409 551 1473 590 τῆς
1498 546 1560 591 βο-

215 593 279 635 λῆς
317 589 564 635 εὐτονωτέρας
600 589 795 636 γίγνεσθαι
830 592 893 625 καὶ
927 592 1013 631 τοὺς
1047 591 1188 635 ἄνδρας
1218 591 1290 626 ὑπὸ
1322 598 1387 626 τοῦ
1421 592 1560 636 δρόμου

213 636 536 682 προθυμοτέρους·
568 637 723 678 ἑστῶτας
748 637 783 672 δ’
802 637 1068 683 ἀποψύχεσθαί
1093 651 1130 672 τε
1156 639 1219 673 καὶ
1244 645 1321 679 τοῖς
1345 638 1561 674 ἐπιθέουσιν

215 684 412 731 εὐβλήτους
437 684 487 719 δι’
508 684 686 730 ἀτρεμίαν
713 683 774 720 οἷα
801 686 961 725 σκοποὺς
987 683 1093 721 εἶναι.
1134 684 1152 721 ὃ
1172 686 1236 720 καὶ
1260 684 1340 720 τότε
1367 685 1558 732 γενέσθαι·

214 732 254 767 τὸ
288 732 357 778 γὰρ
390 730 547 768 δέκατον
579 731 679 773 τέλος
704 733 771 767 σὺν
797 733 896 779 αὑτῷ
921 734 1162 777 περιδραμεῖν
1186 732 1232 767 τὰ
1257 733 1342 768 λαιὰ
1367 740 1432 769 τοῦ
1459 736 1560 778 Πομ-

213 778 328 824 πηίου
354 779 470 824 ἔρημα
498 778 639 814 ἱππέων
665 778 862 825 γενόμενα,
895 780 957 815 καὶ
982 779 1223 825 πανταχόθεν
1249 781 1499 825 ἀτρεμοῦντας
1524 780 1561 821 ἐς

213 826 258 860 τὰ
297 826 436 871 πλευρὰ
475 825 732 871 ἐσακοντίζειν,
771 825 875 872 μέχρι
906 826 1201 873 θορυβουμένοις
1236 827 1459 872 ἐμπεσόντας
1497 827 1559 876 βίᾳ

212 872 426 919 τρέψασθαι
451 875 514 909 καὶ
541 880 605 919 τῆς
630 873 735 919 νίκης
759 873 950 918 κατάρξαι.
1000 875 1054 918 Cf.
1078 875 1174 910 Caes.
1196 876 1242 909 B.
1261 875 1296 910 C.
1313 878 1346 918 3,
1361 879 1419 911 92.
1459 876 1558 911 Plut.

216 922 315 957 Caes.
341 924 398 956 44.
450 923 575 966 Pomp.
604 924 662 957 69.

647 1028 724 1062 AD
757 1028 804 1062 A.
834 1027 1129 1064 GABINIUM.

310 1099 403 1133 Bell.
430 1099 534 1133 Alex.
562 1101 627 1141 42,
646 1101 678 1133 4.
732 1098 822 1133 Cum
853 1099 1097 1133 diversissima
1123 1103 1230 1144 parte
1261 1100 1356 1134 orbis
1380 1104 1561 1135 terrarum

216 1146 280 1180 Cn.
296 1146 509 1190 Pompeium
530 1146 664 1181 Caesar
688 1147 800 1181 victor
824 1150 1027 1190 sequeretur
1051 1147 1313 1192 compluresque
1333 1148 1560 1183 adversarios

213 1194 255 1227 in
279 1194 478 1238 Illyricum
502 1198 650 1238 propter
675 1193 915 1228 Macedoniae
935 1195 1245 1238 propinquitatem
1269 1206 1304 1229 se
1329 1195 1493 1239 reliquiis
1517 1207 1561 1230 ea:

214 1241 307 1285 fuya
332 1241 485 1275 collectis
511 1241 701 1276 contulisse
721 1241 881 1284 audiret,
908 1241 1045 1275 litteras
1070 1242 1119 1276 acl
1141 1241 1339 1276 Gabinium
1360 1243 1479 1285 mittit,
1504 1243 1560 1277 uti

215 1299 295 1323 eum
323 1288 524 1333 legionibus
544 1289 714 1331 tironum,
740 1299 830 1333 quae
849 1299 965 1332 nuper
984 1292 1087 1324 erant
1105 1290 1337 1333 conscriptae,
1357 1290 1559 1333 proficisce-

214 1339 314 1370 retur
350 1336 392 1369 in
416 1336 615 1380 Illyricum
650 1336 918 1379 coniunctisque
955 1336 1067 1379 copiis
1099 1347 1176 1370 cum
1212 1336 1250 1380 Q.
1280 1336 1490 1379 Cornificio,
1527 1337 1561 1371 si

213 1383 311 1427 quod
341 1383 546 1426 periculum
577 1383 789 1427 provinciae
826 1383 1034 1425 inferretur,
1071 1383 1256 1427 depelleret
1263 1397 1276 1426 ;
1313 1384 1371 1417 sin
1407 1396 1450 1418 ea
1485 1395 1560 1419 non

215 1430 358 1475 maynis
378 1431 491 1474 copiis
510 1434 589 1465 tuta
608 1441 679 1465 esse
696 1434 824 1474 posset,
850 1430 891 1463 in
908 1430 1166 1464 Macedoniam
1186 1431 1338 1476 leyiones
1357 1431 1558 1467 adduceret.

520 1536 596 1570 AD
626 1535 665 1581 Q.
695 1536 928 1571 CASSIUM
950 1535 1256 1571 LONGINUM.

308 1606 401 1641 Bell.
428 1606 534 1641 Aleoe.
562 1610 620 1650 51,
640 1611 671 1641 1.
715 1607 868 1641 Interim
895 1607 1031 1642 litteras
1056 1608 1191 1651 accepit
1216 1619 1239 1642 a
1266 1608 1427 1650 Caesare,
1452 1612 1493 1643 ut
1517 1609 1559 1642 in

212 1652 382 1696 Africam
413 1655 606 1688 eoeercitum
638 1655 802 1689 traiceret
827 1665 962 1698 perque
987 1654 1265 1689 Mauretaniam
1290 1656 1339 1689 acl
1363 1657 1451 1698 fines
1476 1656 1520 1690 N
1520 1667 1558 1690 ιι-

213 1701 347 1735 midiae
386 1702 604 1745 perveniret,
647 1702 741 1745 quod
784 1713 919 1746 maqna
957 1701 1020 1736 Cn.
1060 1702 1229 1746 Pompeio
1272 1703 1368 1737 Iuba
1410 1703 1557 1738 miserat

213 1748 359 1782 auoeilia
384 1749 593 1793 maioraque
618 1749 793 1783 missurus
818 1749 1103 1783 eoeistimabatur.

308 1795 401 1830 Bell.
429 1796 534 1830 Alex.
562 1799 626 1838 56,
646 1800 678 1830 1.
729 1796 881 1840 Aliquot
912 1800 995 1840 post
1026 1796 1150 1830 (liebus
1182 1796 1318 1831 litteras
1350 1808 1373 1831 a
1408 1797 1558 1832 Caesare

214 1843 363 1886 accipit,
395 1844 525 1886 quibus
559 1844 737 1888 cognoscit
763 1844 975 1887 Pompeium
1005 1843 1046 1877 in
1077 1844 1152 1878 acie
1179 1844 1308 1878 victum
1333 1845 1476 1880 (iniissis
1501 1855 1556 1880 co-

207 1890 285 1933 piis
309 1890 454 1935 fuqisse.

631 1960 708 1995 AD
735 1961 783 1995 M
789 1961 1073 1995 YTILENAE
1077 1961 1142 1996 OS.

305 2031 355 2065 In
381 2032 503 2075 lapide
528 2031 721 2076 Mytilenis
745 2036 881 2076 reperto
907 2044 930 2066 a
958 2032 1119 2067 Ciclcorio
1145 2036 1250 2077 atque
1275 2033 1368 2068 edito
1393 2034 1434 2068 in
1453 2034 1556 2069 Actis

212 2078 352 2113 Minor.
380 2079 496 2113 Acad.
523 2079 643 2114 Berol.
672 2082 770 2114 1889
792 2091 828 2123 p.
852 2082 934 2114 960.

218 2176 867 2186 ............................
891 2151 1549 2188 ουδὲ

219 2223 868 2233 ............................
887 2197 1124 2242 β]ουλόμενοε
1162 2197 1297 2241 [ὑ]μῶν
1335 2199 1557 2244 κεκομί([θαι

216 2270 747 2280 .......................
763 2244 850 2289 τή]ν
876 2242 952 2286 τῆξ
968 2244 1088 2288 φιλίας
1114 2245 1346 2290 [ἀεφ]άλειαν
1367 2247 1406 2280 ’έν
1431 2257 1472 2280 τε
1493 2246 1555 2292 [εἰ-

212 2291 304 2334 ρήνῃ
321 2293 379 2324 καὶ
393 2292 545 2336 πολέμῳ
561 2292 764 2335 εὐεργετεῖν
778 2291 865 2336 τὴν]
879 2292 984 2325 πόλιν
998 2291 1066 2325 αἰεί
1079 2303 1180 2326 τινος
1194 2291 1309 2338 [ὑμ]ῑν
1324 2292 1438 2327 αἴτιος
1451 2293 1557 2338 ἀ[γα-

212 2340 279 2371 eoo
306 2339 512 2381 γενήεομαι.
540 2339 771 2382 Θαρροῦντες
797 2339 863 2372 οὖν
888 2341 969 2382 περὶ
995 2340 1164 2384 πῇἁντων
1191 2340 1432 2382 ἑντυγχάνετε
1458 2343 1555 2383 ἡμῖν.

1341 2387 1523 2433 [ἕρρωεθε.
