1669 2574
237 120 318 161 146
523 119 558 155 C.
585 119 698 153 IULH
724 118 951 153 CAESARIS
977 118 1288 153 FRAGMENTA.

328 215 424 248 Plat.
454 214 551 247 (Ques
580 216 611 246 3.
658 211 724 247 Ἐν
755 217 798 258 τῇ
827 212 920 255 πρὸς
946 211 1138 256 Κικέρωνα
1163 213 1247 256 περὶ
1273 211 1447 252 Κάτωνος
1472 213 1573 248 ἀντι-

232 266 356 306 γραφῇ
388 266 624 317 παραιτεῖται
653 259 701 303 μὴ
733 265 992 303 στρατιωτικοῦ
1024 258 1134 305 λόγου
1163 259 1299 303 ἀνδρὸς
1324 259 1572 301 ἀντεξετάζειν

230 308 323 351 πρὸς
354 305 546 350 δεινότητα
578 304 732 351 ῥήτορος
763 307 924 350 εὐφυοῦς
956 307 1019 341 καὶ
1051 306 1182 352 σχολὴν
1214 306 1273 341 ἐπὶ
1299 312 1406 341 τοῦτο
1435 307 1571 351 πολλὴν

231 355 255 388 ἄ
281 367 396 393 οντος.

258 369 278 400 y
325 402 423 435 Plut.
453 400 523 435 Cic.
551 403 608 435 39.
655 399 721 434 Ἐκ
753 399 793 435 δὲ
825 401 956 435 τούτου
989 399 1138 435 διετέλει
1164 407 1277 445 τιμῶν
1303 401 1365 435 καὶ
1392 402 1572 444 φιλοφρο-

230 448 419 492 νούμενος,
445 447 533 482 ὥστε
559 448 623 482 καὶ
648 446 834 492 γράψαντι
860 446 969 492 λόγον
996 448 1175 493 ἐγκωμιον
1198 447 1373 488 Κάτωνος
1398 446 1572 492 ἀντιγρά-

230 509 312 539 φων
337 493 402 530 τόν
427 507 464 528 τε
489 493 599 540 λόγον
625 495 738 528 αὐτοῦ
764 495 827 529 καὶ
852 495 917 529 τὸν
940 493 1023 552 βίον
1043 495 1091 535 ὡς
1110 494 1262 539 μάλιστα
1282 498 1331 541 τῷ
1352 493 1574 538 Περικλέους

230 541 375 576 ἐοικότα
401 543 464 576 καὶ
493 540 733 586 Θηραμένους
758 541 934 576 ἐπαινεῖν
980 540 1021 576 O
1046 555 1112 586 μεν
1138 546 1205 577 οὐν
1231 532 1440 586 Κικέρωνος
1465 541 1572 587 λόγος

229 588 374 633 Κάτων,
402 589 420 623 ὁ
448 588 488 623 δε
515 587 703 632 Καίσαρος
723 588 940 624 Ἀντικάτων
967 587 1242 634 ἐπιγέγραπται.

324 649 422 682 Plin
449 649 493 682 Ν
491 653 538 683 at.
565 648 662 683 Hist.
691 648 785 690 VH,
812 651 891 682 117.
944 648 1048 682 Salve
1076 648 1220 692 primus
1251 649 1408 683 omnium
1431 660 1572 702 parens

224 696 370 739 pamiae
390 696 568 739 appellate
588 698 649 738 (sc.
673 696 823 739 Cicero),
844 695 988 738 primus
1007 695 1048 729 in
1067 699 1150 740 toya
1168 696 1389 739 triumphum
1410 696 1570 741 linquae-

227 754 294 786 que
320 743 482 777 lauream
507 743 639 785 fimemte,
665 747 697 777 et
715 743 913 785 facundiae
931 742 1195 786 Latiarumque
1215 743 1415 777 litterawmz
1436 754 1573 787 parens

227 794 351 834 atque,
388 794 429 824 ut
460 790 614 825 dictator
648 790 781 824 Caesar
812 790 922 824 hostis
954 790 1136 833 quondam
1167 794 1251 824 tuus
1282 790 1324 824 (le
1355 794 1386 824 te
1416 791 1571 834 scripsit,

227 836 391 870 omnium
416 836 730 881 triumphatorum
754 836 883 870 laurea
907 836 1041 881 maior,
1075 838 1215 880 quanto
1240 836 1323 881 plus
1351 838 1406 870 est
1430 836 1571 881 ingenii

226 883 384 918 Romani
411 883 587 918 terminos
614 883 652 917 in
678 885 827 917 tantum
852 883 1078 928 promovisse
1104 895 1216 927 quam
1241 883 1397 928 imperii.

321 944 437 978 Smec.
472 943 513 977 de
545 943 731 987 tranquill.
765 943 891 976 animi.
920 945 978 984 17,
1011 946 1043 977 9.
1097 943 1227 977 Catoni
1257 943 1407 977 ebrietas
1438 944 1573 978 obieeta

226 995 285 1025 est.
313 992 464 1033 facilius
483 991 622 1033 efficiet,
642 990 804 1034 quisquis
824 990 999 1032 obiecerit,
1013 991 1077 1024 hoc
1096 991 1229 1024 crimen
1247 990 1442 1033 honestam,
1465 1002 1571 1035 quam

224 1042 364 1082 mipene
392 1038 570 1072 Catonem.

320 1097 418 1131 Plut
448 1096 524 1131 (Vnt.
552 1099 607 1131 11
663 1100 737 1141 Της
774 1095 1018 1141 κληρονομίας
1055 1094 1267 1140 (Καπίωνος
1304 1094 1496 1154 αδελφοῦ),
1520 1096 1572 1136 εἰς

225 1142 340 1178 αὐτόν
365 1156 403 1177 τε
430 1144 492 1178 καὶ
517 1143 723 1199 θυγάτριον
749 1149 813 1178 τοῦ
838 1142 1038 1183 Καπίωνος
1062 1143 1232 1187 ἡκούσης,
1259 1141 1375 1177 οὐθεν
1401 1140 1452 1178 ὦν
1479 1142 1570 1178 ἀνά-

223 1193 313 1225 λωσε
342 1192 427 1234 περι
453 1190 517 1226 τὸν
543 1190 666 1234 τάφον
691 1190 880 1248 ἀπῄτησεν
906 1190 945 1225 ἐν
970 1196 1013 1236 τῇ
1039 1189 1193 1234 νεμήσει.
1236 1190 1310 1224 Καὶ
1335 1195 1451 1224 ταῦτα
1476 1189 1570 1234 πρά-

224 1239 356 1280 ξαντος
393 1238 507 1272 αὐτοῦ
540 1251 603 1272 και
635 1237 861 1281 πράττοντος
894 1234 942 1282 ἦν
973 1237 992 1272 6
1024 1237 1190 1283 γράψας,
1228 1235 1283 1271 ότι
1315 1235 1472 1284 κοσκίνῳ
1503 1237 1570 1282 τὴν

222 1284 364 1329 τέφραν
396 1291 461 1320 τοῦ
491 1290 622 1328 νεκροῦ
649 1283 819 1330 μετέβαλε
846 1286 908 1319 καὶ
935 1284 1109 1343 διήθησε,
1141 1283 1291 1330 χρυσίον
1317 1286 1431 1328 ζητῶν
1457 1297 1569 1319 κατα-

223 1331 463 1376 κεκαυμένον.
516 1331 642 1372 Ου’τως
674 1333 717 1366 οὐ
749 1335 798 1378 τῷ
832 1331 930 1376 ξίφει
963 1331 1090 1376 μόνον,
1120 1331 1210 1366 αλλὰ
1242 1332 1304 1366 καὶ
1330 1335 1378 1379 τῷ
1405 1330 1568 1378 γραφείῳ

223 1380 264 1414 τὸ
292 1379 559 1415 ἀνυπεύθυνον
584 1380 647 1414 καὶ
672 1380 713 1413 τὸ
740 1368 971 1414 ἀνυπόδικον
997 1378 1214 1414 ἐπίστευσεν.

320 1432 764 1476 1)ιιιι.0(ιι.3σ.οὔσης
789 1431 829 1466 δε
855 1434 989 1477 πολλῆς
1013 1432 1076 1466 καὶ
1102 1432 1290 1476 βασιλικῆς
1315 1430 1354 1465 ἐν
1381 1430 1568 1474 εκπώμασι

222 1481 285 1514 καὶ
323 1477 517 1523 τραπεζαις
554 1480 617 1514 καὶ
649 1478 770 1519 λίθοις
800 1480 863 1513 καὶ
897 1479 1108 1523 πορφύραις
1139 1483 1380 1522 κατασκευῆς,
1418 1476 1462 1521 ἠν
1495 1477 1568 1512 ἔδει

222 1529 434 1570 πραθεῖσαν
473 1526 802 1584 ἐξαργυρισθῆναι,
840 1525 963 1561 πάντα
1002 1524 1223 1572 βουλόμενος
1254 1525 1472 1571 ἐξακριβοῦν
1505 1526 1568 1560 καὶ

223 1573 347 1609 πάντα
378 1572 608 1608 κατατείνειν
640 1574 692 1613 εἰς
721 1573 840 1617 ἄκραν
872 1587 980 1618 τιμην
1012 1574 1075 1607 καὶ
1106 1578 1219 1607 πᾶσιν
1251 1572 1362 1612 αὐτὸς
1393 1578 1568 1615 παρεῖναι

223 1622 286 1656 καὶ
311 1620 511 1679 προσάγειν
537 1621 601 1655 τὸν
627 1620 780 1665 ε’σχατον
807 1620 1020 1665 ἐκλογισμὸν
1047 1618 1134 1654 ουδε
1158 1625 1236 1659 τοῖς
1261 1618 1371 1654 ἐθάσι
1397 1625 1462 1678 τῆς
1480 1619 1567 1665 ἀγο-

225 1673 292 1711 ρᾶς
317 1666 516 1712 ἐπίστευεν,
548 1667 637 1702 ἀλλὰ
664 1668 836 1703 ὑπονοῶν
862 1667 953 1711 ὁμοῦ
979 1666 1138 1710 πάντας,
1168 1665 1368 1711 ὑπηρέτας,
1394 1666 1567 1724 κήρυκας,

223 1715 384 1760 ὠνητάς,
412 1713 559 1759 φίλους,
590 1713 690 1754 τέλος
722 1715 832 1754 αὐτὸς
858 1713 936 1749 ἰδία
960 1721 1037 1754 τοῖς
1063 1712 1285 1758 ὠνουμένοις
1311 1712 1569 1771 διαλεγόμενος

222 1763 285 1797 καὶ
320 1744 574 1819 προσβιβάζων
607 1761 776 1806 εκαστον,
816 1760 909 1796 ούτω
941 1775 986 1796 τα
1017 1764 1166 1796 πλεῖστα
1197 1767 1269 1796 τῶν
1301 1761 1325 1794 ά
1352 1760 1567 1805 ορασμάτων

223 1809 363 1844 ἐπώλει.
408 1809 477 1843 Διὸ
504 1815 580 1849 τοῖς
604 1821 641 1843 τε
668 1808 789 1849 ἄλλοις
815 1807 936 1853 φίλοις
961 1810 1009 1848 ὡς
1034 1809 1197 1843 ἀπιστῶν
1222 1819 1317 1866 προσ
1337 1819 1478 1852 κρουσε,
1504 1809 1567 1842 καὶ

221 1857 287 1891 τὸν
325 1855 601 1901 συνηθέστατον
636 1855 812 1891 ἁπάντων
843 1855 1063 1890 Μουνάτιον
1102 1856 1154 1895 εἰς
1185 1855 1298 1900 ὀργὴν
1330 1854 1454 1900 ὀλίγου
1486 1857 1565 1889 δεῖν

223 1903 426 1946 ἀνήκεστον
453 1902 654 1948 γενομένην
675 1901 856 1949 ἐνέβαλεν,
883 1903 971 1937 ὥστε
991 1903 1054 1937 καὶ
1074 1901 1233 1946 Καίσαρι
1254 1901 1436 1947 γράφοντι
1456 1901 1566 1959 λόγον

222 1950 317 1985 κατὰ
349 1957 413 1985 τοῦ
440 1950 614 1990 Κάτωνος
644 1950 869 1995 πικροτάτην
901 1956 1008 1985 τοῦτο
1039 1950 1080 1984 τὸ
1113 1948 1220 1994 μέρος
1251 1955 1314 1994 τῆς
1345 1947 1567 1994 κατηγορίας

222 1997 417 2043 διατριβὴν
442 2004 655 2042 παρασχεῖν.

318 2052 415 2086 Ρίιιΐ.
446 2051 520 2085 Cat
549 2054 606 2085 50.
662 2054 735 2095 Τῆς
767 2050 807 2085 δε
838 2050 958 2090 οἰκίας
982 2051 1046 2085 καὶ
1070 2055 1143 2084 τῶν
1167 2047 1384 2094 θυγατέρων
1410 2047 1564 2093 κηδεμό-

223 2111 287 2138 νος
314 2096 500 2142 δεομένων
526 2079 681 2155 άνελαβε
707 2097 818 2132 πάλιν
843 2097 910 2142 τὴν
936 2095 1114 2141 Μαρκίαν
1140 2096 1367 2155 χηρεύουσαν
1393 2096 1452 2130 ἐπὶ
1479 2095 1565 2141 χρή-

223 2157 311 2189 μασι
343 2148 504 2185 πολλοῖς
539 2145 557 2180 ὁ
584 2144 652 2190 γὰρ
673 2143 861 2188 Ορτήσιος
885 2144 1060 2188 θνήσκων
1086 2142 1231 2187 ἐκείνην
1257 2142 1409 2177 ἀπέλιπε
1435 2145 1565 2188 κληρο-

221 2191 348 2236 νόμον
401 2193 468 2232 Εἰς
499 2191 518 2227 ὃ
550 2192 595 2237 δὴ
628 2191 780 2236 μάλιστα
812 2192 1094 2235 λοιδορούμενος
1126 2190 1145 2225 ὁ
1172 2194 1314 2233 Καῖσαρ
1343 2194 1391 2236 τῷ
1418 2189 1565 2225 Κάτωνι

222 2238 488 2283 φιλοπλουτίαν
519 2238 697 2284 προφέρει
730 2240 792 2273 καὶ
824 2237 1052 2296 μισθαρνίαν
1085 2237 1145 2272 ἐπὶ
1175 2241 1225 2295 τῷ
1258 2237 1371 2295 γάμῳ.
1426 2236 1470 2272 Τί
1484 2236 1564 2288 γὰρ

222 2286 296 2321 ἔδει
334 2293 568 2332 παραχωρεῖν
606 2285 782 2330 δεόμενον
813 2286 989 2331 γυναικὸς
1025 2284 1047 2329 ἢ
1085 2283 1119 2319 τί
1157 2284 1204 2329 μὴ
1244 2283 1420 2329 δεόμενον
1452 2282 1566 2324 αὖθις

223 2333 512 2391 ἀναλαμβάνειν,
545 2334 577 2368 εἰ
603 2333 649 2378 μὴ
676 2331 803 2377 δέλεαρ
830 2333 866 2375 ἐξ
893 2333 1007 2391 αρχῆς
1031 2330 1172 2376 ὑφείθη
1198 2332 1238 2366 τὸ
1265 2332 1420 2377 γύναιον
1440 2330 1565 2376 Ορτη-

224 2379 288 2427 σίῳ
315 2382 377 2415 καὶ
404 2380 493 2416 νέαν
520 2381 686 2426 έχρησεν,
714 2380 775 2415 ἵνα
801 2378 981 2415 πλουσίαν
1007 2378 1193 2426 ἀπολάβῃ,
