<?xml version="1.0" encoding="UTF-8"?>
<!DOCTYPE html PUBLIC "-//W3C//DTD XHTML 1.0 Transitional//EN"
    "http://www.w3.org/TR/xhtml1/DTD/xhtml1-transitional.dtd">
<html xmlns="http://www.w3.org/1999/xhtml" xml:lang="en" lang="en">
 <head>
  <title>
</title>
<meta http-equiv="Content-Type" content="text/html;charset=utf-8" />
  <meta name='ocr-system' content='tesseract 3.04.00' />
  <meta name='ocr-capabilities' content='ocr_page ocr_carea ocr_par ocr_line ocrx_word'/>
</head>
<body>
  <div class='ocr_page' id='page_1' title='image "./commentarii03caesuoft_0210.png"; bbox 0 0 1669 2574; ppageno 0'>
   <div class='ocr_carea' id='block_1_1' title="bbox 237 82 1283 127">
    <p class='ocr_par' dir='ltr' id='par_1_1' title="bbox 237 82 1283 127">
     <span class='ocr_line' id='line_1_1' title="bbox 237 82 1283 127; baseline -0.003 -5"><span class='ocrx_word' id='word_1_1' title='bbox 237 86 320 127; x_wconf 87' lang='grc'><em>140</em></span> <span class='ocrx_word' id='word_1_2' title='bbox 524 85 560 120; x_wconf 89' lang='lat' dir='ltr'><em>C.</em></span> <span class='ocrx_word' id='word_1_3' title='bbox 584 85 695 119; x_wconf 87' lang='lat' dir='ltr'>IULII</span> <span class='ocrx_word' id='word_1_4' title='bbox 721 83 947 119; x_wconf 84' lang='lat' dir='ltr'><strong>CAESARIS</strong></span> <span class='ocrx_word' id='word_1_5' title='bbox 973 82 1283 119; x_wconf 84' lang='lat' dir='ltr'><strong>FRAGMENTA.</strong></span> 
     </span>
    </p>
   </div>
   <div class='ocr_carea' id='block_1_2' title="bbox 561 218 1253 265">
    <p class='ocr_par' dir='ltr' id='par_1_2' title="bbox 561 218 1253 265">
     <span class='ocr_line' id='line_1_2' title="bbox 561 218 1253 265; baseline 0.001 -10"><span class='ocrx_word' id='word_1_6' title='bbox 561 218 722 256; x_wconf 86' lang='lat' dir='ltr'><em>Oratio</em></span> <span class='ocrx_word' id='word_1_7' title='bbox 747 230 834 265; x_wconf 91' lang='lat' dir='ltr'><em>pro</em></span> <span class='ocrx_word' id='word_1_8' title='bbox 864 219 1007 256; x_wconf 87' lang='lat' dir='ltr'><em>Decio</em></span> <span class='ocrx_word' id='word_1_9' title='bbox 1038 218 1253 256; x_wconf 79' lang='lat' dir='ltr'><em>Samnite.</em></span> 
     </span>
    </p>
   </div>
   <div class='ocr_carea' id='block_1_3' title="bbox 233 294 1575 472">
    <p class='ocr_par' dir='ltr' id='par_1_3' title="bbox 233 294 1575 472">
     <span class='ocr_line' id='line_1_3' title="bbox 334 294 1575 339; baseline 0.001 -9"><span class='ocrx_word' id='word_1_10' title='bbox 334 297 446 330; x_wconf 83' lang='lat' dir='ltr'><em>Tacit.</em></span> <span class='ocrx_word' id='word_1_11' title='bbox 480 295 522 329; x_wconf 78' lang='lat' dir='ltr'><em>(le</em></span> <span class='ocrx_word' id='word_1_12' title='bbox 556 294 695 329; x_wconf 90' lang='lat' dir='ltr'><em>Orator.</em></span> <span class='ocrx_word' id='word_1_13' title='bbox 722 297 780 329; x_wconf 79' lang='lat'><em>21.</em></span> <span class='ocrx_word' id='word_1_14' title='bbox 836 295 923 329; x_wconf 89' lang='lat' dir='ltr'><em>Nisi</em></span> <span class='ocrx_word' id='word_1_15' title='bbox 959 295 1050 337; x_wconf 79' lang='lat' dir='ltr'><em>forte</em></span> <span class='ocrx_word' id='word_1_16' title='bbox 1088 295 1276 339; x_wconf 85' lang='lat' dir='ltr'><em>quisquam</em></span> <span class='ocrx_word' id='word_1_17' title='bbox 1314 300 1378 330; x_wconf 87' lang='lat' dir='ltr'><em>aut</em></span> <span class='ocrx_word' id='word_1_18' title='bbox 1410 296 1575 331; x_wconf 75' lang='lat' dir='ltr'><em>Caesaris</em></span> 
     </span>
     <span class='ocr_line' id='line_1_4' title="bbox 233 341 1574 389; baseline 0 -11"><span class='ocrx_word' id='word_1_19' title='bbox 233 355 302 389; x_wconf 86' lang='lat' dir='ltr'><em>pro</em></span> <span class='ocrx_word' id='word_1_20' title='bbox 328 344 441 377; x_wconf 90' lang='lat' dir='ltr'><em>Decio</em></span> <span class='ocrx_word' id='word_1_21' title='bbox 466 341 626 376; x_wconf 79' lang='lat' dir='ltr'><em>Samnite</em></span> <span class='ocrx_word' id='word_1_22' title='bbox 651 346 715 376; x_wconf 88' lang='lat' dir='ltr'><em>aut</em></span> <span class='ocrx_word' id='word_1_23' title='bbox 741 342 855 376; x_wconf 80' lang='lat' dir='ltr'><em>Bruti</em></span> <span class='ocrx_word' id='word_1_24' title='bbox 873 353 943 386; x_wconf 86' lang='lat' dir='ltr'><em>pro</em></span> <span class='ocrx_word' id='word_1_25' title='bbox 962 342 1138 377; x_wconf 86' lang='lat' dir='ltr'><em>Deiotaro</em></span> <span class='ocrx_word' id='word_1_26' title='bbox 1162 354 1240 387; x_wconf 74' lang='lat' dir='ltr'><em>reye</em></span> <span class='ocrx_word' id='word_1_27' title='bbox 1265 347 1459 387; x_wconf 85' lang='lat' dir='ltr'><em>ceterosque</em></span> <span class='ocrx_word' id='word_1_28' title='bbox 1484 344 1574 378; x_wconf 84' lang='lat' dir='ltr'><em>eius-</em></span> 
     </span>
     <span class='ocr_line' id='line_1_5' title="bbox 236 389 1575 434; baseline 0 -9"><span class='ocrx_word' id='word_1_29' title='bbox 236 392 314 425; x_wconf 89' lang='lat' dir='ltr'><em>dem</em></span> <span class='ocrx_word' id='word_1_30' title='bbox 346 389 574 424; x_wconf 69' lang='lat' dir='ltr'><em>lentitudinis</em></span> <span class='ocrx_word' id='word_1_31' title='bbox 598 400 641 423; x_wconf 85' lang='lat' dir='ltr'><em>ac</em></span> <span class='ocrx_word' id='word_1_32' title='bbox 665 389 796 433; x_wconf 87' lang='lat' dir='ltr'><em>teporis</em></span> <span class='ocrx_word' id='word_1_33' title='bbox 822 389 922 434; x_wconf 76' lang='lat' dir='ltr'><em>leqit,</em></span> <span class='ocrx_word' id='word_1_34' title='bbox 953 389 1028 424; x_wconf 90' lang='lat' dir='ltr'><em>nisi</em></span> <span class='ocrx_word' id='word_1_35' title='bbox 1051 390 1115 433; x_wconf 86' lang='lat' dir='ltr'><em>qui</em></span> <span class='ocrx_word' id='word_1_36' title='bbox 1138 394 1170 424; x_wconf 88' lang='lat' dir='ltr'><em>et</em></span> <span class='ocrx_word' id='word_1_37' title='bbox 1195 390 1360 424; x_wconf 85' lang='lat' dir='ltr'><em>earmina</em></span> <span class='ocrx_word' id='word_1_38' title='bbox 1384 391 1575 425; x_wconf 86' lang='lat' dir='ltr'><em>eorundem</em></span> 
     </span>
     <span class='ocr_line' id='line_1_6' title="bbox 237 438 401 472; baseline -0.012 0"><span class='ocrx_word' id='word_1_39' title='bbox 237 438 401 472; x_wconf 84' lang='lat' dir='ltr'><em>miratur.</em></span> 
     </span>
    </p>
   </div>
   <div class='ocr_carea' id='block_1_4' title="bbox 385 557 1436 607">
    <p class='ocr_par' dir='ltr' id='par_1_4' title="bbox 385 557 1436 607">
     <span class='ocr_line' id='line_1_7' title="bbox 385 557 1436 607; baseline 0 -10"><span class='ocrx_word' id='word_1_40' title='bbox 385 559 631 597; x_wconf 74' lang='lat' dir='ltr'><em>Orationes</em></span> <span class='ocrx_word' id='word_1_41' title='bbox 654 571 905 607; x_wconf 72' lang='lat' dir='ltr'><em>perperam</em></span> <span class='ocrx_word' id='word_1_42' title='bbox 939 557 1137 597; x_wconf 78' lang='lat' dir='ltr'><em>Caesari</em></span> <span class='ocrx_word' id='word_1_43' title='bbox 1167 560 1436 598; x_wconf 77' lang='lat' dir='ltr'><em>attributae.</em></span> 
     </span>
    </p>
   </div>
   <div class='ocr_carea' id='block_1_5' title="bbox 235 633 1582 1151">
    <p class='ocr_par' dir='ltr' id='par_1_5' title="bbox 235 633 1582 1151">
     <span class='ocr_line' id='line_1_8' title="bbox 331 633 1579 679; baseline -0.001 -9"><span class='ocrx_word' id='word_1_44' title='bbox 331 635 475 670; x_wconf 83' lang='lat' dir='ltr'><em>Sueton.</em></span> <span class='ocrx_word' id='word_1_45' title='bbox 509 635 606 669; x_wconf 83' lang='lat' dir='ltr'><em>Caes.</em></span> <span class='ocrx_word' id='word_1_46' title='bbox 639 636 696 668; x_wconf 86' lang='lat'><em>55.</em></span> <span class='ocrx_word' id='word_1_47' title='bbox 756 633 945 669; x_wconf 77' lang='lat' dir='ltr'><em>Orationes</em></span> <span class='ocrx_word' id='word_1_48' title='bbox 982 634 1126 678; x_wconf 86' lang='lat' dir='ltr'><em>aliquas</em></span> <span class='ocrx_word' id='word_1_49' title='bbox 1162 635 1323 678; x_wconf 86' lang='lat' dir='ltr'><em>reliquit,</em></span> <span class='ocrx_word' id='word_1_50' title='bbox 1363 635 1457 669; x_wconf 82' lang='lat' dir='ltr'><em>inter</em></span> <span class='ocrx_word' id='word_1_51' title='bbox 1488 646 1579 679; x_wconf 88' lang='lat' dir='ltr'><em>quas</em></span> 
     </span>
     <span class='ocr_line' id='line_1_9' title="bbox 237 681 1578 727; baseline -0.001 -9"><span class='ocrx_word' id='word_1_52' title='bbox 237 688 361 718; x_wconf 84' lang='lat' dir='ltr'><em>temere</em></span> <span class='ocrx_word' id='word_1_53' title='bbox 398 683 574 727; x_wconf 75' lang='lat' dir='ltr'><em>quaedam</em></span> <span class='ocrx_word' id='word_1_54' title='bbox 609 682 789 724; x_wconf 79' lang='lat' dir='ltr'><em>feruntur.</em></span> <span class='ocrx_word' id='word_1_55' title='bbox 847 681 921 716; x_wconf 88' lang='lat' dir='ltr'><em>Pro</em></span> <span class='ocrx_word' id='word_1_56' title='bbox 956 681 1089 725; x_wconf 71' lang='lat' dir='ltr'><em>Quinto</em></span> <span class='ocrx_word' id='word_1_57' title='bbox 1121 682 1267 716; x_wconf 90' lang='lat' dir='ltr'><em>Metello</em></span> <span class='ocrx_word' id='word_1_58' title='bbox 1298 692 1372 716; x_wconf 93' lang='lat' dir='ltr'><em>non</em></span> <span class='ocrx_word' id='word_1_59' title='bbox 1403 682 1578 717; x_wconf 81' lang='lat' dir='ltr'><em>immerito</em></span> 
     </span>
     <span class='ocr_line' id='line_1_10' title="bbox 239 729 1578 775; baseline -0.001 -10"><span class='ocrx_word' id='word_1_60' title='bbox 239 731 428 775; x_wconf 60' lang='lat' dir='ltr'><em>Augustus</em></span> <span class='ocrx_word' id='word_1_61' title='bbox 465 729 646 764; x_wconf 69' lang='lat' dir='ltr'><em>efeistimat</em></span> <span class='ocrx_word' id='word_1_62' title='bbox 684 729 798 773; x_wconf 74' lang='lat' dir='ltr'><em>nzaqis</em></span> <span class='ocrx_word' id='word_1_63' title='bbox 833 729 890 771; x_wconf 24' lang='lat' dir='ltr'><em>ab,</em></span> <span class='ocrx_word' id='word_1_64' title='bbox 915 729 1092 763; x_wconf 77' lang='lat' dir='ltr'><em>actuariis</em></span> <span class='ocrx_word' id='word_1_65' title='bbox 1130 733 1310 772; x_wconf 75' lang='lat' dir='ltr'><em>eoeceptam</em></span> <span class='ocrx_word' id='word_1_66' title='bbox 1340 729 1432 763; x_wconf 83' lang='lat' dir='ltr'><em>male</em></span> <span class='ocrx_word' id='word_1_67' title='bbox 1461 730 1578 764; x_wconf 84' lang='lat' dir='ltr'><em>subse-</em></span> 
     </span>
     <span class='ocr_line' id='line_1_11' title="bbox 238 776 1578 822; baseline -0.001 -10"><span class='ocrx_word' id='word_1_68' title='bbox 238 778 428 822; x_wconf 85' lang='lat' dir='ltr'><em>quentibus</em></span> <span class='ocrx_word' id='word_1_69' title='bbox 452 777 559 811; x_wconf 75' lang='lat' dir='ltr'><em>‘cerba</em></span> <span class='ocrx_word' id='word_1_70' title='bbox 584 776 746 817; x_wconf 82' lang='lat' dir='ltr'><em>(licentis,</em></span> <span class='ocrx_word' id='word_1_71' title='bbox 773 786 880 819; x_wconf 86' lang='lat' dir='ltr'><em>quam</em></span> <span class='ocrx_word' id='word_1_72' title='bbox 905 776 950 809; x_wconf 89' lang='lat' dir='ltr'><em>ab</em></span> <span class='ocrx_word' id='word_1_73' title='bbox 976 776 1054 819; x_wconf 87' lang='lat' dir='ltr'><em>ipso</em></span> <span class='ocrx_word' id='word_1_74' title='bbox 1079 776 1211 810; x_wconf 86' lang='lat' dir='ltr'><em>editam</em></span> <span class='ocrx_word' id='word_1_75' title='bbox 1220 789 1232 817; x_wconf 92' lang='grc'><em>,·</em></span> <span class='ocrx_word' id='word_1_76' title='bbox 1256 786 1342 809; x_wconf 84' lang='lat' dir='ltr'><em>nam</em></span> <span class='ocrx_word' id='word_1_77' title='bbox 1367 776 1408 809; x_wconf 87' lang='lat' dir='ltr'><em>in</em></span> <span class='ocrx_word' id='word_1_78' title='bbox 1433 776 1578 820; x_wconf 84' lang='lat' dir='ltr'><em>quibus·</em></span> 
     </span>
     <span class='ocr_line' id='line_1_12' title="bbox 238 822 1579 868; baseline -0.001 -9"><span class='ocrx_word' id='word_1_79' title='bbox 238 825 323 859; x_wconf 78' lang='lat' dir='ltr'><em>clam</em></span> <span class='ocrx_word' id='word_1_80' title='bbox 360 823 622 868; x_wconf 66' lang='lat' dir='ltr'><em>exemplaribus</em></span> <span class='ocrx_word' id='word_1_81' title='bbox 658 823 803 856; x_wconf 58' lang='lat' dir='ltr'><em>invenio</em></span> <span class='ocrx_word' id='word_1_82' title='bbox 834 833 878 856; x_wconf 86' lang='lat' dir='ltr'><em>ne</em></span> <span class='ocrx_word' id='word_1_83' title='bbox 909 823 1122 866; x_wconf 84' lang='lat' dir='ltr'><em>inscriptam</em></span> <span class='ocrx_word' id='word_1_84' title='bbox 1153 823 1295 867; x_wconf 82' lang='lat' dir='ltr'><em>quidem</em></span> <span class='ocrx_word' id='word_1_85' title='bbox 1321 834 1390 866; x_wconf 89' lang='lat' dir='ltr'><em>pro</em></span> <span class='ocrx_word' id='word_1_86' title='bbox 1422 822 1579 865; x_wconf 81' lang='lat' dir='ltr'><em>Metello,</em></span> 
     </span>
     <span class='ocr_line' id='line_1_13' title="bbox 238 869 1581 916; baseline -0.001 -10"><span class='ocrx_word' id='word_1_87' title='bbox 238 872 299 907; x_wconf 91' lang='lat' dir='ltr'><em>sed</em></span> <span class='ocrx_word' id='word_1_88' title='bbox 331 883 439 916; x_wconf 86' lang='lat' dir='ltr'><em>quam</em></span> <span class='ocrx_word' id='word_1_89' title='bbox 470 871 612 914; x_wconf 76' lang='lat' dir='ltr'><em>scripsit</em></span> <span class='ocrx_word' id='word_1_90' title='bbox 640 870 803 911; x_wconf 82' lang='lat' dir='ltr'><em>Metello,</em></span> <span class='ocrx_word' id='word_1_91' title='bbox 835 881 915 904; x_wconf 89' lang='lat' dir='ltr'><em>cum</em></span> <span class='ocrx_word' id='word_1_92' title='bbox 946 881 989 904; x_wconf 68' lang='lat' dir='ltr'><em>esc</em></span> <span class='ocrx_word' id='word_1_93' title='bbox 1015 880 1174 913; x_wconf 85' lang='lat' dir='ltr'><em>persona</em></span> <span class='ocrx_word' id='word_1_94' title='bbox 1201 869 1368 904; x_wconf 85' lang='lat' dir='ltr'><em>Caesaris</em></span> <span class='ocrx_word' id='word_1_95' title='bbox 1398 880 1509 904; x_wconf 84' lang='lat' dir='ltr'><em>sermo</em></span> <span class='ocrx_word' id='word_1_96' title='bbox 1534 871 1581 905; x_wconf 92' lang='lat' dir='ltr'><em>sit</em></span> 
     </span>
     <span class='ocr_line' id='line_1_14' title="bbox 240 917 1581 962; baseline -0.001 -9"><span class='ocrx_word' id='word_1_97' title='bbox 240 919 427 953; x_wconf 83' lang='lat' dir='ltr'><em>Metellum</em></span> <span class='ocrx_word' id='word_1_98' title='bbox 446 929 548 962; x_wconf 90' lang='lat' dir='ltr'><em>seque</em></span> <span class='ocrx_word' id='word_1_99' title='bbox 568 918 737 951; x_wconf 72' lang='lat' dir='ltr'><em>adversus</em></span> <span class='ocrx_word' id='word_1_100' title='bbox 756 917 997 951; x_wconf 84' lang='lat' dir='ltr'><em>communium</em></span> <span class='ocrx_word' id='word_1_101' title='bbox 1017 917 1290 952; x_wconf 83' lang='lat' dir='ltr'><em>obtrectatorum</em></span> <span class='ocrx_word' id='word_1_102' title='bbox 1312 917 1581 952; x_wconf 84' lang='lat' dir='ltr'><em>criminationes</em></span> 
     </span>
     <span class='ocr_line' id='line_1_15' title="bbox 235 964 1581 1011; baseline -0.001 -11"><span class='ocrx_word' id='word_1_103' title='bbox 235 966 441 1011; x_wconf 74' lang='lat' dir='ltr'><em>purqantis.</em></span> <span class='ocrx_word' id='word_1_104' title='bbox 498 965 611 1008; x_wconf 90' lang='lat' dir='ltr'><em>Apud</em></span> <span class='ocrx_word' id='word_1_105' title='bbox 642 964 771 998; x_wconf 80' lang='lat' dir='ltr'><em>milites</em></span> <span class='ocrx_word' id='word_1_106' title='bbox 802 974 938 1008; x_wconf 90' lang='lat' dir='ltr'><em>quoque</em></span> <span class='ocrx_word' id='word_1_107' title='bbox 970 964 1011 997; x_wconf 85' lang='lat' dir='ltr'><em>in</em></span> <span class='ocrx_word' id='word_1_108' title='bbox 1041 964 1233 1008; x_wconf 78' lang='lat' dir='ltr'><em>Hispania</em></span> <span class='ocrx_word' id='word_1_109' title='bbox 1268 964 1362 998; x_wconf 83' lang='lat' dir='ltr'><em>idem</em></span> <span class='ocrx_word' id='word_1_110' title='bbox 1393 964 1581 1009; x_wconf 76' lang='lat' dir='ltr'><em>Auqustus</em></span> 
     </span>
     <span class='ocr_line' id='line_1_16' title="bbox 239 1011 1581 1057; baseline -0.001 -10"><span class='ocrx_word' id='word_1_111' title='bbox 239 1014 302 1047; x_wconf 64' lang='lat' dir='ltr'><em>vise</em></span> <span class='ocrx_word' id='word_1_112' title='bbox 333 1013 450 1057; x_wconf 86' lang='lat' dir='ltr'><em>ipsius</em></span> <span class='ocrx_word' id='word_1_113' title='bbox 476 1016 602 1055; x_wconf 83' lang='lat' dir='ltr'><em>putat,</em></span> <span class='ocrx_word' id='word_1_114' title='bbox 633 1022 724 1055; x_wconf 89' lang='lat' dir='ltr'><em>quae</em></span> <span class='ocrx_word' id='word_1_115' title='bbox 755 1015 874 1045; x_wconf 83' lang='lat' dir='ltr'><em>tamen</em></span> <span class='ocrx_word' id='word_1_116' title='bbox 899 1011 1033 1055; x_wconf 73' lang='lat' dir='ltr'><em>dupleoe</em></span> <span class='ocrx_word' id='word_1_117' title='bbox 1056 1011 1191 1054; x_wconf 81' lang='lat' dir='ltr'><em>fertur:</em></span> <span class='ocrx_word' id='word_1_118' title='bbox 1227 1022 1304 1045; x_wconf 89' lang='lat' dir='ltr'><em>una</em></span> <span class='ocrx_word' id='word_1_119' title='bbox 1330 1011 1435 1055; x_wconf 89' lang='lat' dir='ltr'><em>quasi</em></span> <span class='ocrx_word' id='word_1_120' title='bbox 1456 1011 1581 1054; x_wconf 81' lang='lat' dir='ltr'><em>priore</em></span> 
     </span>
     <span class='ocr_line' id='line_1_17' title="bbox 238 1058 1582 1104; baseline -0.001 -10"><span class='ocrx_word' id='word_1_121' title='bbox 238 1060 365 1094; x_wconf 83' lang='lat' dir='ltr'><em>habita</em></span> <span class='ocrx_word' id='word_1_122' title='bbox 391 1059 547 1104; x_wconf 73' lang='lat' dir='ltr'><em>proelio,</em></span> <span class='ocrx_word' id='word_1_123' title='bbox 579 1059 694 1093; x_wconf 87' lang='lat' dir='ltr'><em>altera</em></span> <span class='ocrx_word' id='word_1_124' title='bbox 721 1058 933 1101; x_wconf 85' lang='lat' dir='ltr'><em>posteriore,</em></span> <span class='ocrx_word' id='word_1_125' title='bbox 959 1069 1028 1102; x_wconf 87' lang='lat' dir='ltr'><em>quo</em></span> <span class='ocrx_word' id='word_1_126' title='bbox 1053 1058 1208 1092; x_wconf 87' lang='lat' dir='ltr'><em>Asinius</em></span> <span class='ocrx_word' id='word_1_127' title='bbox 1234 1058 1353 1092; x_wconf 90' lang='lat' dir='ltr'><em>Pollio</em></span> <span class='ocrx_word' id='word_1_128' title='bbox 1377 1069 1421 1092; x_wconf 93' lang='lat' dir='ltr'><em>ne</em></span> <span class='ocrx_word' id='word_1_129' title='bbox 1446 1062 1582 1102; x_wconf 81' lang='lat' dir='ltr'><em>tenipus</em></span> 
     </span>
     <span class='ocr_line' id='line_1_18' title="bbox 239 1105 1578 1151; baseline -0.001 -10"><span class='ocrx_word' id='word_1_130' title='bbox 239 1108 382 1151; x_wconf 85' lang='lat' dir='ltr'><em>quidem</em></span> <span class='ocrx_word' id='word_1_131' title='bbox 406 1106 643 1141; x_wconf 85' lang='lat' dir='ltr'><em>contionandi</em></span> <span class='ocrx_word' id='word_1_132' title='bbox 663 1105 829 1140; x_wconf 83' lang='lat' dir='ltr'><em>habuisse</em></span> <span class='ocrx_word' id='word_1_133' title='bbox 847 1116 927 1140; x_wconf 72' lang='lat' dir='ltr'><em>euin</em></span> <span class='ocrx_word' id='word_1_134' title='bbox 945 1106 1033 1140; x_wconf 86' lang='lat' dir='ltr'><em>dicit</em></span> <span class='ocrx_word' id='word_1_135' title='bbox 1052 1106 1172 1140; x_wconf 89' lang='lat' dir='ltr'><em>subita</em></span> <span class='ocrx_word' id='word_1_136' title='bbox 1191 1105 1343 1140; x_wconf 84' lang='lat' dir='ltr'><em>hostium</em></span> <span class='ocrx_word' id='word_1_137' title='bbox 1364 1105 1578 1140; x_wconf 82' lang='lat' dir='ltr'><em>incursione.</em></span> 
     </span>
    </p>
   </div>
   <div class='ocr_carea' id='block_1_6' title="bbox 241 1352 1589 1480">
    <p class='ocr_par' dir='ltr' id='par_1_6' title="bbox 241 1352 1589 1480">
     <span class='ocr_line' id='line_1_19' title="bbox 241 1352 1589 1478; baseline -0.001 -63"><span class='ocrx_word' id='word_1_138' title='bbox 241 1373 303 1415; x_wconf 91' lang='grc' dir='ltr'><em>ΙΙ.</em></span> <span class='ocrx_word' id='word_1_139' title='bbox 316 1373 405 1414; x_wconf 87' lang='lat' dir='ltr'><em>DE</em></span> <span class='ocrx_word' id='word_1_140' title='bbox 413 1373 506 1414; x_wconf 88' lang='lat' dir='ltr'><em>AN</em></span> <span class='ocrx_word' id='word_1_141' title='bbox 503 1372 583 1413; x_wconf 88' lang='lat' dir='ltr'><em>AL</em></span> <span class='ocrx_word' id='word_1_142' title='bbox 591 1371 1211 1478; x_wconf 50' lang='lat' dir='ltr'><em>OGIAIAIIngngngIUM</em></span> <span class='ocrx_word' id='word_1_143' title='bbox 1219 1370 1285 1413; x_wconf 88' lang='lat' dir='ltr'><em>CI</em></span> <span class='ocrx_word' id='word_1_144' title='bbox 1283 1352 1399 1414; x_wconf 75' lang='lat' dir='ltr'><em>CER</em></span> <span class='ocrx_word' id='word_1_145' title='bbox 1407 1370 1589 1413; x_wconf 84' lang='lat' dir='ltr'><em>ONEM</em></span> 
     </span>
     <span class='ocr_line' id='line_1_20' title="bbox 1004 1438 1089 1480; baseline -0.035 0"><span class='ocrx_word' id='word_1_146' title='bbox 1004 1438 1046 1480; x_wconf 90' lang='lat' dir='ltr'><em>U</em></span> <span class='ocrx_word' id='word_1_147' title='bbox 1082 1470 1089 1477; x_wconf 89' lang='lat'><em>.</em></span> 
     </span>
    </p>
   </div>
   <div class='ocr_carea' id='block_1_7' title="bbox 630 1512 1195 1556">
    <p class='ocr_par' dir='ltr' id='par_1_7' title="bbox 630 1512 1195 1556">
     <span class='ocr_line' id='line_1_21' title="bbox 630 1512 1195 1556; baseline 0 -10"><span class='ocrx_word' id='word_1_148' title='bbox 630 1515 679 1556; x_wconf 86' lang='lat' dir='ltr'><em>(a.</em></span> <span class='ocrx_word' id='word_1_149' title='bbox 700 1524 735 1546; x_wconf 90' lang='lat' dir='ltr'><em>u.</em></span> <span class='ocrx_word' id='word_1_150' title='bbox 757 1524 784 1546; x_wconf 92' lang='lat' dir='ltr'><em>c.</em></span> <span class='ocrx_word' id='word_1_151' title='bbox 808 1512 1195 1555; x_wconf 48' lang='lat' dir='ltr'><em>DGLXXXXIXTQ.</em></span> 
     </span>
    </p>
   </div>
   <div class='ocr_carea' id='block_1_8' title="bbox 242 1589 1586 2292">
    <p class='ocr_par' dir='ltr' id='par_1_8' title="bbox 242 1589 1586 1868">
     <span class='ocr_line' id='line_1_22' title="bbox 336 1589 1584 1634; baseline 0.001 -11"><span class='ocrx_word' id='word_1_152' title='bbox 336 1589 479 1623; x_wconf 77' lang='lat' dir='ltr'><em>Sueten.</em></span> <span class='ocrx_word' id='word_1_153' title='bbox 508 1590 605 1623; x_wconf 85' lang='lat' dir='ltr'><em>Caes.</em></span> <span class='ocrx_word' id='word_1_154' title='bbox 634 1592 690 1623; x_wconf 88' lang='lat'><em>56.</em></span> <span class='ocrx_word' id='word_1_155' title='bbox 742 1589 905 1633; x_wconf 72' lang='lat' dir='ltr'><em>Reliquit</em></span> <span class='ocrx_word' id='word_1_156' title='bbox 935 1593 967 1624; x_wconf 91' lang='lat' dir='ltr'><em>et</em></span> <span class='ocrx_word' id='word_1_157' title='bbox 997 1589 1041 1624; x_wconf 88' lang='lat' dir='ltr'><em>de</em></span> <span class='ocrx_word' id='word_1_158' title='bbox 1071 1589 1257 1634; x_wconf 60' lang='lat' dir='ltr'><em>Analogia</em></span> <span class='ocrx_word' id='word_1_159' title='bbox 1288 1589 1377 1623; x_wconf 85' lang='lat' dir='ltr'><em>duos</em></span> <span class='ocrx_word' id='word_1_160' title='bbox 1410 1589 1518 1624; x_wconf 83' lang='lat' dir='ltr'><em>libros</em></span> <span class='ocrx_word' id='word_1_161' title='bbox 1551 1593 1584 1624; x_wconf 88' lang='lat' dir='ltr'><em>et</em></span> 
     </span>
     <span class='ocr_line' id='line_1_23' title="bbox 242 1636 1584 1680; baseline 0 -10"><span class='ocrx_word' id='word_1_162' title='bbox 242 1636 478 1671; x_wconf 83' lang='lat' dir='ltr'><em>Anticatones</em></span> <span class='ocrx_word' id='word_1_163' title='bbox 510 1636 653 1670; x_wconf 87' lang='lat' dir='ltr'><em>totidem</em></span> <span class='ocrx_word' id='word_1_164' title='bbox 684 1648 726 1670; x_wconf 81' lang='lat' dir='ltr'><em>ac</em></span> <span class='ocrx_word' id='word_1_165' title='bbox 752 1640 940 1680; x_wconf 84' lang='lat' dir='ltr'><em>praeterea</em></span> <span class='ocrx_word' id='word_1_166' title='bbox 966 1639 1112 1680; x_wconf 78' lang='lat' dir='ltr'><em>poema,</em></span> <span class='ocrx_word' id='word_1_167' title='bbox 1144 1636 1238 1680; x_wconf 86' lang='lat' dir='ltr'><em>quod</em></span> <span class='ocrx_word' id='word_1_168' title='bbox 1262 1636 1475 1670; x_wconf 83' lang='lat' dir='ltr'><em>inscribitur</em></span> <span class='ocrx_word' id='word_1_169' title='bbox 1498 1637 1584 1671; x_wconf 88' lang='lat' dir='ltr'><em>Iter.</em></span> 
     </span>
     <span class='ocr_line' id='line_1_24' title="bbox 246 1683 1585 1727; baseline 0.001 -10"><span class='ocrx_word' id='word_1_170' title='bbox 246 1684 405 1727; x_wconf 74' lang='lat' dir='ltr'><em>Quorum</em></span> <span class='ocrx_word' id='word_1_171' title='bbox 439 1684 613 1717; x_wconf 85' lang='lat' dir='ltr'><em>librorum</em></span> <span class='ocrx_word' id='word_1_172' title='bbox 639 1684 777 1727; x_wconf 82' lang='lat' dir='ltr'><em>primos</em></span> <span class='ocrx_word' id='word_1_173' title='bbox 803 1684 844 1717; x_wconf 85' lang='lat' dir='ltr'><em>in</em></span> <span class='ocrx_word' id='word_1_174' title='bbox 868 1684 1028 1717; x_wconf 86' lang='lat' dir='ltr'><em>transitu</em></span> <span class='ocrx_word' id='word_1_175' title='bbox 1053 1683 1222 1727; x_wconf 78' lang='lat' dir='ltr'><em>Alpium,</em></span> <span class='ocrx_word' id='word_1_176' title='bbox 1253 1694 1333 1717; x_wconf 84' lang='lat' dir='ltr'><em>cum</em></span> <span class='ocrx_word' id='word_1_177' title='bbox 1357 1694 1401 1718; x_wconf 75' lang='lat' dir='ltr'><em>eoe</em></span> <span class='ocrx_word' id='word_1_178' title='bbox 1425 1684 1585 1718; x_wconf 86' lang='lat' dir='ltr'><em>citeriore</em></span> 
     </span>
     <span class='ocr_line' id='line_1_25' title="bbox 245 1730 1585 1774; baseline -0.001 -9"><span class='ocrx_word' id='word_1_179' title='bbox 245 1730 372 1765; x_wconf 83' lang='lat' dir='ltr'><em>Gallia</em></span> <span class='ocrx_word' id='word_1_180' title='bbox 403 1731 634 1765; x_wconf 77' lang='lat' dir='ltr'><em>conventibus</em></span> <span class='ocrx_word' id='word_1_181' title='bbox 660 1731 818 1773; x_wconf 83' lang='lat' dir='ltr'><em>peractis</em></span> <span class='ocrx_word' id='word_1_182' title='bbox 843 1731 892 1764; x_wconf 86' lang='lat' dir='ltr'><em>ad</em></span> <span class='ocrx_word' id='word_1_183' title='bbox 921 1731 1114 1765; x_wconf 75' lang='lat' dir='ltr'><em>eoeercitum</em></span> <span class='ocrx_word' id='word_1_184' title='bbox 1138 1730 1286 1772; x_wconf 79' lang='lat' dir='ltr'><em>rediret,</em></span> <span class='ocrx_word' id='word_1_185' title='bbox 1316 1734 1495 1774; x_wconf 74' lang='lat' dir='ltr'><em>sequentes</em></span> <span class='ocrx_word' id='word_1_186' title='bbox 1519 1731 1585 1765; x_wconf 87' lang='lat' dir='ltr'><em>sub</em></span> 
     </span>
     <span class='ocr_line' id='line_1_26' title="bbox 243 1778 1586 1822; baseline 0.001 -11"><span class='ocrx_word' id='word_1_187' title='bbox 243 1782 380 1822; x_wconf 84' lang='lat' dir='ltr'><em>tempus</em></span> <span class='ocrx_word' id='word_1_188' title='bbox 413 1778 633 1811; x_wconf 84' lang='lat' dir='ltr'><em>Mundensis</em></span> <span class='ocrx_word' id='word_1_189' title='bbox 660 1778 792 1821; x_wconf 87' lang='lat' dir='ltr'><em>proelii</em></span> <span class='ocrx_word' id='word_1_190' title='bbox 822 1778 923 1820; x_wconf 81' lang='lat' dir='ltr'><em>fecit,</em></span> <span class='ocrx_word' id='word_1_191' title='bbox 954 1778 1205 1819; x_wconf 76' lang='lat' dir='ltr'><em>novissimum,</em></span> <span class='ocrx_word' id='word_1_192' title='bbox 1235 1778 1321 1811; x_wconf 84' lang='lat' dir='ltr'><em>dum</em></span> <span class='ocrx_word' id='word_1_193' title='bbox 1353 1778 1398 1811; x_wconf 87' lang='lat' dir='ltr'><em>ab</em></span> <span class='ocrx_word' id='word_1_194' title='bbox 1429 1778 1514 1812; x_wconf 84' lang='lat' dir='ltr'><em>urbe</em></span> <span class='ocrx_word' id='word_1_195' title='bbox 1544 1778 1586 1812; x_wconf 81' lang='lat' dir='ltr'><em>in</em></span> 
     </span>
     <span class='ocr_line' id='line_1_27' title="bbox 243 1824 1397 1868; baseline 0.001 -11"><span class='ocrx_word' id='word_1_196' title='bbox 243 1825 470 1868; x_wconf 81' lang='lat' dir='ltr'><em>Hispaniam</em></span> <span class='ocrx_word' id='word_1_197' title='bbox 495 1825 699 1858; x_wconf 84' lang='lat' dir='ltr'><em>ulteriorem</em></span> <span class='ocrx_word' id='word_1_198' title='bbox 724 1829 852 1868; x_wconf 86' lang='lat' dir='ltr'><em>quarto</em></span> <span class='ocrx_word' id='word_1_199' title='bbox 877 1829 908 1859; x_wconf 87' lang='lat' dir='ltr'><em>et</em></span> <span class='ocrx_word' id='word_1_200' title='bbox 933 1825 1122 1859; x_wconf 74' lang='lat' dir='ltr'><em>vicensimo</em></span> <span class='ocrx_word' id='word_1_201' title='bbox 1147 1824 1205 1858; x_wconf 78' lang='lat' dir='ltr'><em>die</em></span> <span class='ocrx_word' id='word_1_202' title='bbox 1225 1825 1397 1868; x_wconf 79' lang='lat' dir='ltr'><em>pervenit.</em></span> 
     </span>
    </p>

    <p class='ocr_par' dir='ltr' id='par_1_9' title="bbox 243 1871 1584 2057">
     <span class='ocr_line' id='line_1_28' title="bbox 341 1871 1583 1915; baseline -0.001 -10"><span class='ocrx_word' id='word_1_203' title='bbox 341 1872 491 1915; x_wconf 65' lang='lat' dir='ltr'><em>Quintil.</em></span> <span class='ocrx_word' id='word_1_204' title='bbox 519 1872 639 1906; x_wconf 84' lang='lat' dir='ltr'><em>Instit.</em></span> <span class='ocrx_word' id='word_1_205' title='bbox 670 1872 767 1906; x_wconf 86' lang='lat' dir='ltr'><em>Orat.</em></span> <span class='ocrx_word' id='word_1_206' title='bbox 788 1872 822 1914; x_wconf 83' lang='grc' dir='ltr'><em>Ι,</em></span> <span class='ocrx_word' id='word_1_207' title='bbox 850 1874 884 1914; x_wconf 84' lang='lat'><em>7,</em></span> <span class='ocrx_word' id='word_1_208' title='bbox 909 1874 965 1905; x_wconf 75' lang='lat'><em>34.</em></span> <span class='ocrx_word' id='word_1_209' title='bbox 1010 1872 1073 1905; x_wconf 85' lang='lat' dir='ltr'><em>An</em></span> <span class='ocrx_word' id='word_1_210' title='bbox 1097 1872 1176 1905; x_wconf 81' lang='lat' dir='ltr'><em>ideo</em></span> <span class='ocrx_word' id='word_1_211' title='bbox 1201 1872 1319 1906; x_wconf 83' lang='lat' dir='ltr'><em>minor</em></span> <span class='ocrx_word' id='word_1_212' title='bbox 1343 1876 1393 1906; x_wconf 86' lang='lat' dir='ltr'><em>est</em></span> <span class='ocrx_word' id='word_1_213' title='bbox 1419 1871 1473 1905; x_wconf 91' lang='lat' dir='ltr'><em>M.</em></span> <span class='ocrx_word' id='word_1_214' title='bbox 1499 1872 1583 1905; x_wconf 88' lang='lat' dir='ltr'><em>Tul-</em></span> 
     </span>
     <span class='ocr_line' id='line_1_29' title="bbox 245 1919 1584 1963; baseline 0 -11"><span class='ocrx_word' id='word_1_215' title='bbox 245 1919 317 1953; x_wconf 89' lang='lat' dir='ltr'><em>lius</em></span> <span class='ocrx_word' id='word_1_216' title='bbox 343 1923 475 1960; x_wconf 81' lang='lat' dir='ltr'><em>orator⁷</em></span> <span class='ocrx_word' id='word_1_217' title='bbox 502 1919 597 1962; x_wconf 87' lang='lat' dir='ltr'><em>quod</em></span> <span class='ocrx_word' id='word_1_218' title='bbox 621 1919 715 1952; x_wconf 80' lang='lat' dir='ltr'><em>idem</em></span> <span class='ocrx_word' id='word_1_219' title='bbox 740 1920 830 1953; x_wconf 65' lang='lat' dir='ltr'><em>(ortis</em></span> <span class='ocrx_word' id='word_1_220' title='bbox 852 1919 961 1953; x_wconf 75' lang='lat' dir='ltr'><em>liuius</em></span> <span class='ocrx_word' id='word_1_221' title='bbox 980 1919 1277 1963; x_wconf 71' lang='lat' dir='ltr'><em>diliqentissimus</em></span> <span class='ocrx_word' id='word_1_222' title='bbox 1295 1919 1369 1961; x_wconf 80' lang='lat' dir='ltr'><em>fuit</em></span> <span class='ocrx_word' id='word_1_223' title='bbox 1388 1922 1419 1953; x_wconf 89' lang='lat' dir='ltr'><em>et</em></span> <span class='ocrx_word' id='word_1_224' title='bbox 1437 1919 1479 1952; x_wconf 86' lang='lat' dir='ltr'><em>in</em></span> <span class='ocrx_word' id='word_1_225' title='bbox 1496 1919 1584 1961; x_wconf 76' lang='lat' dir='ltr'><em>filio,</em></span> 
     </span>
     <span class='ocr_line' id='line_1_30' title="bbox 243 1965 1584 2010; baseline 0.001 -11"><span class='ocrx_word' id='word_1_226' title='bbox 243 1970 285 2000; x_wconf 86' lang='lat' dir='ltr'><em>ut</em></span> <span class='ocrx_word' id='word_1_227' title='bbox 317 1966 359 1999; x_wconf 85' lang='lat' dir='ltr'><em>in</em></span> <span class='ocrx_word' id='word_1_228' title='bbox 395 1965 558 2009; x_wconf 87' lang='lat' dir='ltr'><em>epistulis</em></span> <span class='ocrx_word' id='word_1_229' title='bbox 592 1970 760 2009; x_wconf 82' lang='lat' dir='ltr'><em>apparet,</em></span> <span class='ocrx_word' id='word_1_230' title='bbox 796 1970 885 2000; x_wconf 88' lang='lat' dir='ltr'><em>recte</em></span> <span class='ocrx_word' id='word_1_231' title='bbox 917 1966 1084 2010; x_wconf 86' lang='lat' dir='ltr'><em>loquendi</em></span> <span class='ocrx_word' id='word_1_232' title='bbox 1114 1977 1219 2009; x_wconf 84' lang='lat' dir='ltr'><em>asper</em></span> <span class='ocrx_word' id='word_1_233' title='bbox 1249 1976 1384 2009; x_wconf 90' lang='lat' dir='ltr'><em>quoque</em></span> <span class='ocrx_word' id='word_1_234' title='bbox 1415 1965 1584 2000; x_wconf 73' lang='lat' dir='ltr'><em>exactor?</em></span> 
     </span>
     <span class='ocr_line' id='line_1_31' title="bbox 244 2012 1388 2057; baseline -0.001 -10"><span class='ocrx_word' id='word_1_235' title='bbox 244 2017 311 2047; x_wconf 88' lang='lat' dir='ltr'><em>aut</em></span> <span class='ocrx_word' id='word_1_236' title='bbox 334 2012 406 2046; x_wconf 80' lang='lat' dir='ltr'><em>vim</em></span> <span class='ocrx_word' id='word_1_237' title='bbox 433 2012 470 2046; x_wconf 91' lang='lat' dir='ltr'><em>C.</em></span> <span class='ocrx_word' id='word_1_238' title='bbox 499 2012 665 2046; x_wconf 85' lang='lat' dir='ltr'><em>Caesaris</em></span> <span class='ocrx_word' id='word_1_239' title='bbox 688 2013 873 2057; x_wconf 62' lang='lat' dir='ltr'><em>fregerunt</em></span> <span class='ocrx_word' id='word_1_240' title='bbox 897 2014 985 2048; x_wconf 88' lang='lat' dir='ltr'><em>editi</em></span> <span class='ocrx_word' id='word_1_241' title='bbox 1009 2013 1052 2047; x_wconf 86' lang='lat' dir='ltr'><em>de</em></span> <span class='ocrx_word' id='word_1_242' title='bbox 1077 2012 1251 2057; x_wconf 78' lang='lat' dir='ltr'><em>analoyia</em></span> <span class='ocrx_word' id='word_1_243' title='bbox 1277 2012 1388 2046; x_wconf 76' lang='lat' dir='ltr'><em>libri?</em></span> 
     </span>
    </p>

    <p class='ocr_par' dir='ltr' id='par_1_10' title="bbox 244 2059 1586 2292">
     <span class='ocr_line' id='line_1_32' title="bbox 340 2059 1585 2104; baseline 0 -10"><span class='ocrx_word' id='word_1_244' title='bbox 340 2059 480 2094; x_wconf 87' lang='lat' dir='ltr'><em>Fronto</em></span> <span class='ocrx_word' id='word_1_245' title='bbox 500 2070 538 2104; x_wconf 86' lang='lat' dir='ltr'><em>p.</em></span> <span class='ocrx_word' id='word_1_246' title='bbox 561 2062 632 2093; x_wconf 76' lang='lat'><em>221</em></span> <span class='ocrx_word' id='word_1_247' title='bbox 659 2060 711 2093; x_wconf 86' lang='lat' dir='ltr'><em>cd.</em></span> <span class='ocrx_word' id='word_1_248' title='bbox 738 2060 835 2094; x_wconf 87' lang='lat' dir='ltr'><em>Nab.</em></span> <span class='ocrx_word' id='word_1_249' title='bbox 886 2060 966 2095; x_wconf 86' lang='lat' dir='ltr'><em>Fac</em></span> <span class='ocrx_word' id='word_1_250' title='bbox 991 2060 1192 2094; x_wconf 83' lang='lat' dir='ltr'><em>memineris</em></span> <span class='ocrx_word' id='word_1_251' title='bbox 1216 2063 1248 2093; x_wconf 91' lang='lat' dir='ltr'><em>et</em></span> <span class='ocrx_word' id='word_1_252' title='bbox 1273 2070 1352 2093; x_wconf 86' lang='lat' dir='ltr'><em>eum</em></span> <span class='ocrx_word' id='word_1_253' title='bbox 1378 2060 1499 2094; x_wconf 84' lang='lat' dir='ltr'><em>animo</em></span> <span class='ocrx_word' id='word_1_254' title='bbox 1524 2063 1585 2094; x_wconf 82' lang='lat' dir='ltr'><em>tuo</em></span> 
     </span>
     <span class='ocr_line' id='line_1_33' title="bbox 244 2106 1586 2151; baseline -0.001 -10"><span class='ocrx_word' id='word_1_255' title='bbox 244 2107 391 2151; x_wconf 75' lang='lat' dir='ltr'><em>coyites,</em></span> <span class='ocrx_word' id='word_1_256' title='bbox 425 2107 468 2141; x_wconf 76' lang='lat' dir='ltr'><em>G.</em></span> <span class='ocrx_word' id='word_1_257' title='bbox 498 2106 683 2141; x_wconf 82' lang='lat' dir='ltr'><em>Caesarem</em></span> <span class='ocrx_word' id='word_1_258' title='bbox 714 2107 935 2141; x_wconf 86' lang='lat' dir='ltr'><em>atrocissimo</em></span> <span class='ocrx_word' id='word_1_259' title='bbox 967 2107 1055 2141; x_wconf 89' lang='lat' dir='ltr'><em>bello</em></span> <span class='ocrx_word' id='word_1_260' title='bbox 1083 2106 1224 2141; x_wconf 84' lang='lat' dir='ltr'><em>Gallico</em></span> <span class='ocrx_word' id='word_1_261' title='bbox 1255 2118 1335 2140; x_wconf 85' lang='lat' dir='ltr'><em>cum</em></span> <span class='ocrx_word' id='word_1_262' title='bbox 1366 2107 1444 2140; x_wconf 87' lang='lat' dir='ltr'><em>alia</em></span> <span class='ocrx_word' id='word_1_263' title='bbox 1472 2107 1586 2141; x_wconf 89' lang='lat' dir='ltr'><em>multa</em></span> 
     </span>
     <span class='ocr_line' id='line_1_34' title="bbox 245 2153 1586 2198; baseline -0.001 -10"><span class='ocrx_word' id='word_1_264' title='bbox 245 2154 442 2196; x_wconf 84' lang='lat' dir='ltr'><em>militaria,</em></span> <span class='ocrx_word' id='word_1_265' title='bbox 476 2158 552 2188; x_wconf 86' lang='lat' dir='ltr'><em>tum</em></span> <span class='ocrx_word' id='word_1_266' title='bbox 582 2154 688 2188; x_wconf 83' lang='lat' dir='ltr'><em>etiam</em></span> <span class='ocrx_word' id='word_1_267' title='bbox 719 2154 809 2188; x_wconf 83' lang='lat' dir='ltr'><em>duos</em></span> <span class='ocrx_word' id='word_1_268' title='bbox 839 2155 882 2188; x_wconf 85' lang='lat' dir='ltr'><em>de</em></span> <span class='ocrx_word' id='word_1_269' title='bbox 907 2154 1093 2198; x_wconf 75' lang='lat' dir='ltr'><em>Analoqia</em></span> <span class='ocrx_word' id='word_1_270' title='bbox 1125 2153 1234 2188; x_wconf 84' lang='lat' dir='ltr'><em>libros</em></span> <span class='ocrx_word' id='word_1_271' title='bbox 1258 2154 1586 2197; x_wconf 77' lang='lat' dir='ltr'><em>scrupulosissirnos</em></span> 
     </span>
     <span class='ocr_line' id='line_1_35' title="bbox 244 2200 1583 2245; baseline 0 -10"><span class='ocrx_word' id='word_1_272' title='bbox 244 2201 447 2245; x_wconf 84' lang='lat' dir='ltr'><em>scripsisse.-</em></span> <span class='ocrx_word' id='word_1_273' title='bbox 476 2201 570 2235; x_wconf 88' lang='lat' dir='ltr'><em>inter</em></span> <span class='ocrx_word' id='word_1_274' title='bbox 595 2201 665 2235; x_wconf 89' lang='lat' dir='ltr'><em>tela</em></span> <span class='ocrx_word' id='word_1_275' title='bbox 689 2201 852 2235; x_wconf 65' lang='lat' dir='ltr'><em>volantia</em></span> <span class='ocrx_word' id='word_1_276' title='bbox 877 2201 919 2235; x_wconf 87' lang='lat' dir='ltr'><em>de</em></span> <span class='ocrx_word' id='word_1_277' title='bbox 943 2201 1150 2235; x_wconf 87' lang='lat' dir='ltr'><em>nominibus</em></span> <span class='ocrx_word' id='word_1_278' title='bbox 1175 2200 1418 2243; x_wconf 80' lang='lat' dir='ltr'><em>declinandis,</em></span> <span class='ocrx_word' id='word_1_279' title='bbox 1443 2201 1486 2236; x_wconf 88' lang='lat' dir='ltr'><em>de</em></span> <span class='ocrx_word' id='word_1_280' title='bbox 1510 2211 1583 2235; x_wconf 75' lang='lat' dir='ltr'><em>‘oer-</em></span> 
     </span>
     <span class='ocr_line' id='line_1_36' title="bbox 246 2248 1456 2292; baseline 0 -10"><span class='ocrx_word' id='word_1_281' title='bbox 246 2249 371 2282; x_wconf 85' lang='lat' dir='ltr'><em>borum</em></span> <span class='ocrx_word' id='word_1_282' title='bbox 396 2248 682 2292; x_wconf 86' lang='lat' dir='ltr'><em>aspirationibus</em></span> <span class='ocrx_word' id='word_1_283' title='bbox 706 2252 738 2282; x_wconf 88' lang='lat' dir='ltr'><em>et</em></span> <span class='ocrx_word' id='word_1_284' title='bbox 762 2248 966 2283; x_wconf 85' lang='lat' dir='ltr'><em>rationibus</em></span> <span class='ocrx_word' id='word_1_285' title='bbox 990 2248 1084 2282; x_wconf 87' lang='lat' dir='ltr'><em>inter</em></span> <span class='ocrx_word' id='word_1_286' title='bbox 1109 2248 1260 2282; x_wconf 86' lang='lat' dir='ltr'><em>classica</em></span> <span class='ocrx_word' id='word_1_287' title='bbox 1284 2252 1316 2282; x_wconf 89' lang='lat' dir='ltr'><em>et</em></span> <span class='ocrx_word' id='word_1_288' title='bbox 1341 2248 1456 2283; x_wconf 84' lang='lat' dir='ltr'><em>tubas.</em></span> 
     </span>
    </p>
   </div>
   <div class='ocr_carea' id='block_1_9' title="bbox 246 2294 1586 2377">
    <p class='ocr_par' dir='ltr' id='par_1_11' title="bbox 246 2294 1586 2377">
     <span class='ocr_line' id='line_1_37' title="bbox 265 2294 1586 2377; baseline 0 -48"><span class='ocrx_word' id='word_1_289' title='bbox 265 2296 470 2377; x_wconf 40' lang='lat' dir='ltr'><em>d·d{oann.</em></span> <span class='ocrx_word' id='word_1_290' title='bbox 498 2295 634 2330; x_wconf 84' lang='lat' dir='ltr'><em>Saresb.</em></span> <span class='ocrx_word' id='word_1_291' title='bbox 662 2295 788 2330; x_wconf 88' lang='lat' dir='ltr'><em>Metal.</em></span> <span class='ocrx_word' id='word_1_292' title='bbox 817 2296 848 2337; x_wconf 83' lang='lat' dir='ltr'><em>I,</em></span> <span class='ocrx_word' id='word_1_293' title='bbox 873 2297 930 2330; x_wconf 79' lang='lat'><em>21.</em></span> <span class='ocrx_word' id='word_1_294' title='bbox 976 2295 1012 2329; x_wconf 91' lang='lat' dir='ltr'><em>C.</em></span> <span class='ocrx_word' id='word_1_295' title='bbox 1042 2294 1174 2329; x_wconf 84' lang='lat' dir='ltr'><em>Caesar</em></span> <span class='ocrx_word' id='word_1_296' title='bbox 1199 2295 1241 2329; x_wconf 86' lang='lat' dir='ltr'><em>de</em></span> <span class='ocrx_word' id='word_1_297' title='bbox 1267 2295 1453 2340; x_wconf 74' lang='lat' dir='ltr'><em>Armloqia</em></span> <span class='ocrx_word' id='word_1_298' title='bbox 1478 2295 1586 2330; x_wconf 83' lang='lat' dir='ltr'><em>libros</em></span> 
     </span>
     <span class='ocr_line' id='line_1_38' title="bbox 246 2353 368 2376; baseline 0 0"><span class='ocrx_word' id='word_1_299' title='bbox 246 2353 262 2376; x_wconf 90' lang='lat' dir='ltr'><em>e</em></span> <span class='ocrx_word' id='word_1_300' title='bbox 290 2354 302 2376; x_wconf 83' lang='lat' dir='ltr'><em>i</em></span> <span class='ocrx_word' id='word_1_301' title='bbox 325 2354 343 2376; x_wconf 45' lang='lat' dir='ltr'><em>si</em></span> <span class='ocrx_word' id='word_1_302' title='bbox 363 2370 368 2376; x_wconf 95' lang='lat'><em>.</em></span> 
     </span>
    </p>
   </div>
  </div>
 </body>
</html>
