1669 2574
219 1260 238 1289 N>

220 2032 239 2061 10

264 126 288 166 6
621 125 813 160 BELLUM
837 125 1235 161 ALEXANDRINUM.

262 221 412 262 salsior
448 220 573 275 paulo
612 223 779 274 praeter
817 220 1162 262 consuetudinem
1200 235 1308 275 aqua
1344 220 1592 262 trahebatur

262 299 313 326 ex
350 285 555 339 proximis
588 284 789 325 aedificiis
827 298 1108 339 magnamque
1142 284 1384 326 hominibus
1417 284 1591 326 admira—

262 350 422 391 tionem
447 347 686 403 praebebat,
719 362 845 402 quam
866 349 918 389 ob
939 363 1027 390 rem
1053 348 1096 389 id
1116 348 1355 399 accidisset,·
1388 364 1464 390 nec
1490 348 1592 390 satis

262 414 345 455 sibi
375 414 457 467 ipsi
490 412 726 466 credebant,
758 427 852 454 cum
885 428 928 454 se
960 412 1177 454 inferiores
1210 413 1396 454 eiusdem
1427 413 1590 468 generis

262 492 309 518 ac
341 477 503 531 saporis
541 491 650 531 aqua
681 477 866 518 dicerent
902 477 983 531 uti,
1022 479 1147 531 atque
1180 479 1276 518 ante
1309 480 1592 531 consuessent,

262 541 472 595 vulgoque
504 540 615 582 inter
639 556 683 582 se
709 541 980 583 conferebant
1009 544 1051 582 et
1082 541 1357 596 degustando,
1388 545 1592 596 quantum

262 607 372 648 inter
408 620 452 647 se
491 605 709 647 differrent
745 621 895 660 aquae,
939 605 1258 660 cognoscebant.
1320 604 1456 647 Parvo
1494 620 1592 647 vero

262 670 466 724 temporis
492 670 629 725 spatio
655 670 757 711 haec
788 671 960 725 propior
986 670 1075 711 bibi
1102 670 1272 712 omnino
1299 684 1383 711 non
1414 671 1593 724 poterat,

263 735 336 776 illa
367 735 542 776 inferior
573 735 810 789 corruptior
841 735 924 776 iam
958 734 1190 788 salsiorque
1222 734 1520 788 reperiebatur.

350 797 445 840 VII.
491 798 582 848 Quo
614 799 726 840 facto
753 799 1016 840 dubitatione
1048 798 1214 840 sublata
1245 801 1389 839 tantus
1422 798 1595 840 incessit

264 864 404 917 timor,
435 865 483 904 ut
515 863 566 904 ad
598 866 833 904 extremum
865 878 1008 904 casum
1040 862 1218 917 periculi
1251 876 1395 903 omnes
1428 862 1595 903 deducti

264 928 507 969 viderentur
538 930 663 981 atque
702 927 773 968 alii
810 929 965 969 morari
999 927 1218 969 Caesarem
1251 926 1454 980 dicerent,
1493 927 1595 980 quin

264 1006 391 1034 naves
423 991 700 1032 conscendere
733 991 912 1045 iuberet,
951 991 1024 1033 alii
1055 991 1190 1032 multo
1223 991 1392 1046 gravius
1423 991 1594 1032 extime-

265 1058 428 1098 scerent
454 1055 635 1110 [casum]
643 1089 654 1109 ,
681 1055 793 1110 quod
817 1070 952 1110 neque
979 1056 1103 1098 celari
1122 1055 1399 1097 Alexandrini
1423 1060 1596 1110 possent

265 1121 308 1161 in
348 1120 587 1174 apparanda
629 1119 748 1174 fuga,
793 1134 887 1161 cum
926 1124 1011 1161 tam
1048 1135 1178 1175 parvo
1216 1120 1352 1173 spatio
1392 1119 1596 1162 distarent

265 1186 316 1226 ab
348 1185 463 1239 ipsis,
495 1199 629 1238 neque
662 1184 746 1225 illis
772 1185 1091 1226 imminentibus
1118 1188 1243 1238 atque
1276 1184 1595 1238 insequentibus

265 1249 377 1290 ullus
416 1249 459 1289 in
497 1263 625 1290 naves
662 1252 855 1303 receptus
894 1249 1073 1290 daretur.
1134 1248 1240 1289 Erat
1272 1252 1411 1290 autem
1443 1263 1597 1304 magna

264 1313 493 1355 multitudo
520 1313 825 1367 oppidanorum
858 1314 901 1355 in
932 1317 1050 1368 parte
1077 1313 1277 1367 Caesaris,
1310 1328 1436 1367 quam
1466 1313 1595 1355 domi-

266 1378 373 1420 ciliis
404 1378 593 1432 ipsorum
625 1392 709 1419 non
741 1381 941 1433 moverat,
974 1378 1085 1433 quod
1117 1393 1164 1419 ea
1190 1392 1233 1419 se
1257 1377 1425 1418 fidelem
1456 1378 1595 1432 palam

265 1442 421 1484 nostris
459 1457 549 1483 esse
588 1442 815 1483 simulabat
847 1445 889 1484 et
927 1443 1151 1484 descivisse
1184 1457 1207 1482 a
1239 1442 1326 1482 suis
1357 1442 1595 1483 videbatur:

266 1510 308 1548 at
341 1506 447 1547 mihi
484 1507 522 1547 Si
554 1506 802 1547 defendendi
834 1510 974 1548 essent
1005 1506 1282 1548 Alexandrini
1314 1521 1449 1561 neque
1480 1506 1595 1547 falla-

266 1586 332 1612 ces
364 1585 455 1612 esse
481 1584 616 1624 neque
642 1571 871 1625 temerarii,
903 1571 1038 1612 multa
1064 1571 1198 1612 oratio
1224 1571 1382 1611 frustra
1408 1571 1596 1612 absume-

265 1638 397 1690 retur3
430 1649 525 1676 cum
551 1649 650 1676 vero
676 1649 760 1675 uno
787 1638 975 1689 tempore
1001 1638 1042 1677 et
1067 1635 1182 1676 natio
1209 1649 1354 1676 eorum
1380 1638 1422 1677 et
1447 1638 1597 1678 natura

266 1703 561 1754 cognoscatur,
599 1700 867 1753 aptissimum
905 1713 994 1740 esse
1031 1699 1112 1741 hoc
1147 1714 1280 1755 genus
1313 1700 1365 1741 ad
1395 1700 1595 1754 proditio-

266 1779 361 1805 nem
393 1764 585 1804 dubitare
617 1779 740 1805 nemo
767 1767 919 1818 potest.

354 1827 470 1868 VIII.
523 1827 674 1869 Caesar
706 1843 879 1869 suorum
916 1828 1112 1870 timorem
1145 1828 1431 1870 consolatione
1463 1831 1505 1869 et
1535 1842 1596 1869 ra-

266 1892 380 1933 tione
411 1892 640 1933 minuebat.
701 1892 813 1933 Nam
845 1893 985 1946 puteis
1015 1893 1141 1934 fossis
1169 1907 1320 1947 aquam
1347 1892 1511 1934 dulcem
1536 1907 1596 1934 re-

266 1956 393 2010 periri
424 1971 547 2010 posse
580 1956 845 1997 adfirmabat:
878 1957 1018 1997 omnia
1049 1958 1161 1998 enim
1192 1957 1320 1998 litora
1350 1957 1599 1998 naturaliter

267 2035 397 2074 aquae
430 2020 565 2062 dulcis
597 2035 723 2062 venas
756 2020 920 2062 habere.
985 2020 1106 2070 Quod
1137 2021 1172 2062 si
1205 2021 1288 2062 alia
1320 2023 1430 2062 esset
1459 2021 1610 2062 litoris

266 2084 469 2139 Aegyptii
511 2087 661 2125 natura
711 2087 837 2138 atque
888 2086 1077 2126 omnium
1120 2085 1401 2139 reliquorum,
1445 2088 1598 2140 tamen,
1656 2096 1658 2101 ’

267 2149 466 2203 quoniam
503 2163 617 2189 mare
654 2148 786 2190 libere
823 2151 1032 2202 tenerent,
1073 2163 1208 2203 neque
1246 2149 1388 2190 hostes
1422 2149 1598 2191 classem

265 2213 480 2268 haberent,
511 2213 726 2267 prohiberi
758 2228 848 2254 sese
880 2227 964 2254 non
995 2227 1130 2267 posse,
1163 2228 1245 2266 quo
1278 2214 1418 2254 minus
1445 2214 1599 2255 cotidie

266 2278 444 2318 navibus
482 2292 634 2331 aquam
671 2279 863 2332 peterent
893 2277 960 2318 vel
1001 2292 1024 2318 a
1061 2277 1232 2318 sinistra
1268 2281 1387 2331 parte
1420 2293 1444 2318 a
1474 2278 1597 2319 Para-

266 2342 384 2383 tonio
404 2341 471 2383 vel
492 2357 515 2383 a
535 2342 682 2384 dextra
701 2341 753 2383 ab
780 2342 929 2396 insula,
962 2356 1067 2396 quae
1094 2342 1281 2382 diversae
1307 2342 1597 2397 navigationes
