1638 2600
426 568 471 614 o.
511 567 699 614 IULJJ
738 565 1072 613 CAESARIS

376 666 440 728 F
456 664 521 728 R
538 661 600 727 A
625 663 676 728 G
701 663 785 726 M
797 660 868 726 E
888 663 967 727 N
977 664 1037 726 Τ
1049 660 1131 726 A.

526 873 562 914 I.
606 871 964 915 ORATIONES.

74 959 236 998 Oratio
249 961 298 998 in
314 959 387 998 Cn.
403 959 671 998 Cornelium
683 959 980 997 Dolabellam
994 970 1111 997 a.u.e.
1123 942 1423 996 DOLXXVH

543 1025 619 1072 (vel
649 1024 949 1071 DCLXXVss).

173 1102 252 1136 Val.
286 1102 394 1136 Max.
428 1102 540 1144 VIII,
572 1105 607 1144 9,
633 1104 665 1136 3.
728 1101 849 1136 Dii-us
891 1111 1028 1145 quoque
1070 1100 1193 1135 Iulius
1225 1128 1232 1134 .
1265 1127 1273 1134 .
1307 1127 1314 1134 .
1347 1100 1420 1134 vim

69 1150 268 1192 facundiae
299 1150 450 1194 proprie
480 1149 654 1193 expressit
685 1149 836 1183 dicendo
871 1148 912 1182 in
943 1148 1171 1182 accusatione
1204 1147 1268 1182 Cn.
1300 1147 1418 1182 Dola-

72 1198 194 1240 bellae,
219 1207 321 1241 quem
342 1208 443 1231 reum
463 1197 544 1242 eyit,
570 1196 773 1240 eoetorqueri
791 1196 861 1231 sibi
879 1206 1027 1230 causam
1046 1195 1218 1239 optimam
1236 1195 1282 1229 L.
1299 1194 1421 1230 Cottae

68 1244 286 1288 patrocinio,
305 1244 338 1279 si
357 1244 499 1288 quidem
518 1243 680 1278 mamima
699 1248 786 1278 tunc
805 1242 1036 1289 <eloquentia
1054 1243 1096 1277 de
1115 1241 1180 1289 vi>
1200 1242 1422 1287 eloquentiae

71 1295 195 1335 questa
223 1295 281 1326 est.

167 1337 256 1373 Gell.
284 1338 389 1373 Noct.
416 1337 492 1373 Att.
518 1337 592 1380 IV,
611 1340 678 1380 16,
698 1341 732 1372 8,
785 1337 821 1371 C.
851 1336 985 1371 Caesar
1013 1366 1018 1371 .
1049 1365 1054 1370 .
1085 1365 1090 1370 .
1118 1337 1159 1370 in
1190 1336 1422 1371 Dolabellam

72 1386 226 1421 actionis
250 1386 278 1419 I
304 1385 364 1420 lib.
390 1385 431 1419 I:
466 1384 550 1429 Isti,
583 1396 739 1428 quorum
770 1383 808 1418 in
842 1383 997 1418 aedibus
1029 1382 1202 1427 fanisque
1233 1383 1359 1428 posita
1384 1385 1422 1418 et

70 1432 203 1467 honori
228 1433 334 1467 erant
359 1433 398 1467 et
423 1434 566 1467 ornatu.

166 1480 310 1516 Sueton.
333 1479 431 1515 Caes.
452 1483 484 1515 4.
532 1479 737 1524 Composita
760 1480 934 1515 seditione
959 1479 1059 1514 civili
1079 1478 1285 1513 Cornelium
1304 1478 1421 1513 Dola-

72 1528 199 1562 bellam
224 1528 448 1562 consularem
473 1532 506 1562 et
529 1527 784 1572 triumphalem
808 1527 1090 1571 repetundarum
1110 1526 1330 1571 postulavit,
1358 1526 1420 1560 ab·

71 1576 254 1619 solutoque
279 1575 449 1610 Rhodum
474 1575 629 1609 secedere
654 1575 792 1609 statuit.

163 1623 260 1657 Ibid.
280 1634 308 1658 c.
330 1625 386 1657 55.
426 1622 514 1657 Post
538 1623 802 1657 accusationem
821 1622 1036 1657 Dolabellae
1060 1621 1165 1656 haud
1190 1621 1298 1656 dubie
1312 1620 1420 1665 prin-

72 1670 214 1714 cipibus
235 1670 405 1715 patronis
430 1670 691 1704 adnumeratus
716 1674 775 1704 est.

166 1718 264 1752 Ibid.
317 1716 441 1752 Genus
472 1717 692 1761 eloquentiae
723 1717 917 1752 dumtaxat
941 1716 1152 1751 adulescens
1177 1716 1296 1750 adhuc
1321 1714 1423 1750 Stra-

51 1764 175 1800 -bonis
208 1764 375 1800 Caesaris
405 1768 545 1800 secutus
580 1765 733 1807 videtur,
769 1765 874 1799 cuius
904 1765 1013 1799 etiam
1043 1775 1087 1798 ex
1118 1764 1298 1805 oratione,
1332 1773 1424 1807 quae

71 1812 285 1847 inscribitur
312 1812 391 1856 ‘pro
417 1812 575 1855 Sardis’,
601 1812 650 1846 ad
673 1812 819 1847 verbum
843 1812 1025 1846 nonnulla
1048 1811 1240 1846 transtulit
1263 1811 1305 1844 in
1330 1809 1423 1844 divi-

71 1860 256 1894 nationem
281 1871 396 1895 suam.

167 1907 265 1942 Plut.
288 1907 385 1942 Caes.
407 1910 439 1941 4.
474 1905 719 1941 Ἐπανελθὼν
746 1907 768 1940 δ
806 1906 859 1946 εἰς
878 1904 1020 1951 Ῥώμην
1045 1903 1277 1951 Δολοβέλλαν
1303 1903 1424 1948 ἔκρινε

73 1954 264 1994 κακώσεως
295 1953 490 2000 ἐπαρχίας,
527 1955 590 1988 καὶ
622 1954 754 1988 πολλαὶ
785 1959 857 1988 τῶν
890 1953 964 1988 ἀπὸ
989 1959 1054 1998 τῆς
1079 1951 1257 1992 ξΕλλοίδος
1281 1949 1424 1986 πόλεων

73 2000 275 2045 μαρτυρίας
312 2002 412 2048 αὐτῷ
448 1999 645 2047 παρέσχον.
702 1999 743 2036 Ὁ
781 1999 847 2046 μὲν
885 1998 952 2036 οὖν
990 1998 1218 2047 Δολοβέλλας
1255 1997 1424 2044 ἀπέφυγε

72 2048 139 2093 τὴν
168 2047 287 2093 δίκην.

165 2096 297 2131 Ascon.
318 2097 359 2130 in
382 2096 492 2131 Cicer.
517 2095 616 2131 Orat.
638 2107 709 2140 pro
729 2096 855 2131 Scaur.
878 2107 917 2140 p.
937 2098 989 2132 23
1015 2096 1067 2130 ed.
1089 2095 1220 2130 Kiessl.
1256 2094 1315 2129 Ne
1331 2093 1426 2136 forte

73 2143 195 2178 erretis
228 2147 260 2178 et
291 2144 442 2179 eundem
475 2144 571 2178 hwnc
604 2143 668 2178 Cn.
702 2143 933 2178 Dolabellam
958 2143 1095 2188 putetis
1125 2153 1213 2184 esse,
1250 2142 1292 2175 in
1322 2151 1426 2184 quem

76 2190 113 2223 C.
153 2190 318 2225 Caesaris
361 2191 545 2227 orationes
590 2191 723 2236 legitis,
766 2192 856 2226 scire
898 2201 959 2226 vos
1001 2194 1137 2235 oportet
1179 2189 1270 2223 duos
1307 2187 1426 2222 eodem

76 2237 273 2283 [tempore]
303 2238 416 2281 fuisse
449 2243 481 2274 et
507 2239 746 2283 praenomine
777 2243 809 2274 et
840 2239 984 2273 nomine
1014 2242 1046 2273 et
1076 2237 1284 2283 coynomine
1308 2234 1425 2270 Dola-

169 2355 206 2398 *)
235 2354 288 2398 Cf.
316 2355 463 2400 Ranke,
489 2357 694 2403 Weltyesch.
721 2357 802 2401 ΙΙΙ,
826 2359 863 2400 2,
890 2359 960 2391 324
985 2357 1055 2391 Nr.
1083 2360 1115 2390 1.
