1669 2574
217 103 237 143 1
245 102 301 143 24
607 100 801 135 BELLUM
827 98 1084 135 HISPANIEN
1092 100 1157 135 SE.

215 214 327 252 mus,
359 199 450 239 loca
481 196 730 237 excellentia
761 196 938 237 tumulis
964 196 1170 238 contineri
1196 197 1368 238 iuterim
1388 198 1418 251 †
1438 198 1554 239 nulla

216 263 394 318 planitia
419 261 586 314 dividit3
619 260 661 301 id
693 261 806 314 quod
838 276 886 302 eo
918 260 1067 302 incidit
1098 264 1298 316 tempore.

305 324 526 367 XXVIIII.
575 325 781 366 Planities
813 328 924 371 inter
956 328 1134 380 utraque
1166 330 1304 368 castra
1328 327 1557 369 intercede-

218 393 291 432 bat
317 390 484 432 circiter
508 389 628 430 milia
652 404 854 444 passuum
874 402 917 443 V,
942 392 990 430 ut
1016 390 1174 431 auxilia
1192 391 1367 446 Pompei
1395 392 1557 433 duabus

219 455 544 497 defenderentur
593 455 736 508 rebus,
786 454 941 509 oppido
987 457 1029 495 et
1071 455 1224 497 excelsi
1267 456 1349 498 loci
1393 459 1556 498 natura.

176 553 192 562 „
219 521 333 562 Hinc
377 520 572 574 derigens
616 520 811 573 proxima
852 519 1051 573 planities
1095 521 1363 574 aequabatur.
1427 520 1558 562 Cuius

220 586 443 637 decursum
481 584 755 625 antecedebat
792 584 928 638 rivus,
966 584 1038 638 qui
1077 584 1129 624 ad
1167 599 1310 626 eorum
1345 601 1559 627 accessum

220 664 429 691 summam
469 649 682 690 efficiebat
716 649 799 690 loci
837 648 1123 702 iniquitatem:
1167 664 1264 690 nam
1301 651 1481 704 palustri
1520 654 1562 692 et

175 728 182 736 ·
221 715 475 770 voraginoso
508 714 598 755 solo
631 729 803 755 currens
836 717 925 755 erat
956 714 1007 754 ad
1037 714 1238 755 dextram.
1288 714 1435 769 Itaque
1463 715 1560 757 Cae-

221 795 289 821 sar
321 794 416 821 cum
449 779 581 820 aciem
614 779 824 820 derectam
856 778 1045 833 vidisset,
1076 793 1160 820 non
1192 779 1342 821 habuit
1373 780 1562 835 dubium,

220 845 323 899 quin
354 844 492 885 media
523 844 699 898 planitie
732 844 775 884 in
807 858 988 898 aequum
1021 843 1073 884 ad
1105 843 1390 885 dimicandum
1419 844 1561 886 adver—

220 910 321 951 sarii
372 909 657 963 procederent.
730 908 822 949 Hoc
868 911 958 949 erat
1001 908 1044 949 in
1089 909 1278 949 omnium
1323 912 1562 963 conspectu.

224 974 317 1016 Hoc
361 974 603 1027 accedebat,
648 975 697 1015 ut
740 973 859 1014 locus
904 972 978 1013 illa
1013 971 1197 1027 Iplanitie
1242 974 1454 1028 aequitate
1503 989 1564 1015 or-

224 1042 397 1081 naretur
453 1041 496 1080 et
545 1038 634 1079 dies
684 1037 788 1079 solis
844 1037 1093 1092 serenitate,
1151 1040 1200 1078 ut
1248 1037 1474 1079 mirificum
1524 1040 1566 1079 et

222 1105 455 1158 optandum
499 1106 667 1158 tempus
710 1117 842 1157 prope
886 1103 938 1143 ab
983 1102 1063 1143 diis
1107 1102 1420 1144 immortalibus
1460 1102 1565 1144 illud

178 1179 192 1196 Γ
223 1169 433 1210 tributum
478 1171 590 1210 esset
633 1169 685 1209 ad
728 1167 936 1222 proelium
981 1167 1342 1209 committendum.
1415 1167 1565 1209 Nostri

221 1234 384 1288 laetari,
416 1233 610 1275 nonnulli
642 1233 769 1275 etiam
801 1233 965 1287 timere,
997 1232 1110 1287 quod
1142 1232 1184 1273 in
1211 1247 1308 1274 eum
1334 1232 1474 1274 locum
1499 1247 1566 1273 res

222 1298 502 1352 fortunaeque
540 1298 731 1339 omnium
769 1298 1094 1352 deducerentur,
1129 1300 1194 1352 ut,
1233 1297 1439 1352 quidquid
1469 1300 1568 1352 post

190 1363 371 1404 ’horam
416 1378 537 1404 casus
581 1363 819 1417 tribuisset,
863 1363 905 1403 in
944 1363 1073 1404 dubio
1111 1365 1349 1417 poneretur.
1417 1361 1566 1417 Itaque

223 1428 359 1469 nostri
392 1428 444 1468 ad
475 1428 761 1469 dimicandum
793 1428 1045 1482 procedunt,
1083 1428 1126 1468 id
1161 1427 1274 1482 quod
1305 1427 1567 1469 adversarios

224 1493 573 1534 existimabamus
611 1508 703 1534 esse
740 1493 946 1547 facturos3
991 1493 1064 1547 qui
1102 1495 1244 1533 tamen
1276 1506 1300 1532 a
1330 1493 1567 1534 munitione

223 1557 370 1612 oppidi
388 1557 559 1612 longius
578 1572 663 1598 non
683 1557 896 1599 audebant
914 1558 1150 1612 procedere,
1165 1557 1208 1598 in
1230 1571 1312 1611 quo
1334 1557 1414 1598 sibi
1436 1572 1567 1612 prope

224 1637 393 1664 murum
412 1623 673 1675 praesidium
697 1623 749 1664 ab
775 1622 1026 1664 adversariis
1046 1622 1374 1663 constituebant.
1418 1621 1568 1677 Itaque

225 1687 361 1729 nostri
398 1688 643 1742 procedunt.
704 1686 924 1729 Interdum
965 1687 1155 1742 aequitas
1192 1687 1274 1728 loci
1307 1687 1570 1729 adversarios

228 1752 503 1807 efflagitabat,
522 1756 571 1794 ut
590 1752 665 1794 tali
687 1752 932 1794 condicione
951 1752 1252 1794 contenderent
1266 1752 1316 1793 ad
1331 1752 1571 1806 victoriam3

226 1832 363 1870 neque
400 1820 541 1858 tamen
581 1816 643 1857 illi
682 1832 705 1858 a
742 1832 818 1858 sua
855 1817 1158 1859 consuetudine
1197 1817 1485 1871 discedebant,
1523 1819 1572 1858 ut

231 1884 305 1922 aut
336 1882 387 1922 ab
421 1881 586 1923 excelso
616 1881 708 1923 loco
735 1885 808 1923 aut
834 1883 885 1923 ab
913 1882 1068 1937 oppido
1096 1882 1367 1924 discederent.
1417 1881 1569 1924 Nostri

227 1946 331 2000 pede
362 1960 508 2000 presso
540 1947 714 2000 propius
748 1947 886 1988 rivum
918 1962 1013 1989 cum
1046 1947 1469 2002 adpropinquassent,
1502 1947 1570 1987 ad-

229 2011 405 2052 versarii
437 2011 694 2065 patrocinari
725 2011 819 2052 loco
852 2012 998 2066 iniquo
1029 2027 1114 2053 non
1146 2012 1355 2053 desinunt.

318 2076 449 2117 XXX.
499 2076 606 2117 Erat
637 2077 746 2118 acies
773 2088 856 2118 XIII
880 2077 1034 2131 aquilis
1060 2077 1305 2131 constituta,
1335 2091 1441 2131 quae
1473 2076 1573 2118 late-

230 2142 349 2183 ribus
393 2142 586 2196 equitatu
629 2141 852 2196 tegebatur
892 2156 987 2183 cum
1027 2141 1110 2182 levi
1152 2144 1365 2182 armatura
1402 2140 1575 2182 milibus

231 2220 325 2260 sex,
375 2209 594 2260 praeterea
637 2206 863 2247 auxiliares
912 2206 1165 2248 accedebant
1213 2221 1344 2260 prope
1391 2205 1574 2247 alterum
1646 2214 1649 2221 ’

232 2274 417 2325 tantum,
449 2274 596 2313 nostra
626 2271 835 2325 praesidia
866 2283 991 2312 LXXX
1023 2270 1268 2312 cohortibus
1295 2273 1337 2312 et
1362 2282 1444 2311 VIII
1469 2269 1577 2310 mili-

186 2348 206 2376 2
235 2336 315 2377 bus
353 2336 556 2390 equitum.
624 2334 690 2377 Ita
727 2350 822 2378 cum
863 2336 905 2377 in
943 2339 1131 2378 extrema
1171 2335 1346 2390 planitie
1385 2335 1578 2390 iniquum

1644 2403 1652 2574 -v———0
