1638 2600
431 110 531 146 CAP.
556 110 1010 147 LXXXVI—LXXXVIII.
1336 112 1390 152 99

55 205 324 248 circumdatis
361 205 552 247 habitare
591 210 801 262 coiigerat3
839 210 1031 249 senatum
1069 210 1210 249 autem
1249 207 1393 262 oppidi

56 270 246 312 custodia
269 270 450 311 tenebat.
505 270 667 312 Eorum
697 274 834 313 castra
864 272 928 313 illi
960 272 1122 327 equites
1156 272 1292 313 adorti
1324 286 1391 313 ex·
1417 282 1438 312 4

54 347 242 390 pugnare
285 338 529 388 coeperunt,
573 336 666 377 ideo
711 336 823 390 quod
860 351 931 378 eos
971 335 1160 378 Caesaris
1198 336 1390 390 partibus

41 398 208 442 ‚favisse
246 399 452 452 sciebant,
489 402 538 440 ut
575 400 634 441 eis
666 400 899 441 interfectis
931 414 1077 441 eorum
1107 400 1291 455 pernicie
1323 399 1390 440 do-

53 462 186 504 lorem
217 477 340 504 suum
371 463 683 505 ulciscerentur.
738 463 961 506 Uticenses
994 465 1133 506 animo
1166 465 1308 505 addito
1340 479 1391 505 ex
1418 474 1437 503 5

54 526 244 569 Caesaris
275 527 455 568 victoria
481 527 693 582 lapidibus
718 529 987 583 fustibusque
1013 530 1176 583 equites
1201 528 1390 583 reppule-

52 595 161 634 runt.
223 590 372 646 Itaque
402 595 679 648 posteaquam
711 596 847 635 castra
878 608 962 634 non
992 596 1220 648 potuerant
1249 593 1391 648 potiri,
1417 602 1437 633 6

51 655 221 698 Uticam
259 670 303 697 se
340 657 384 697 in
422 657 623 711 oppidum
662 658 930 699 coniecerunt
967 659 1094 711 atque
1131 657 1191 698 ibi
1232 657 1390 698 multos

50 719 273 762 Uticenses
293 720 595 763 interfecerunt
614 722 844 777 domosque
871 735 1016 763 eorum
1042 724 1391 776 expugnaverunt

51 800 98 826 ac
142 785 418 839 diripuerunt.
487 785 649 835 Quibus
694 801 788 828 cum
833 786 935 828 Cato
980 786 1232 841 persuadere
1274 785 1391 826 nulla
1418 796 1436 826 7

51 851 213 892 ratione
246 851 396 904 quiret,
428 853 477 891 ut
508 865 650 892 secum
677 852 878 906 oppidum
905 851 1175 893 defenderent
1200 854 1242 892 et
1267 850 1390 891 caede

50 916 292 970 rapinisque
325 915 588 970 desisterent,
620 918 672 969 et,
705 916 807 970 quid
838 916 920 957 sibi
951 915 1120 970 vellent,
1154 915 1298 969 sciret,
1329 930 1389 956 se-

50 980 209 1021 dandae
241 994 387 1020 eorum
418 980 753 1034 importunitatis
789 981 927 1035 gratia
964 979 1144 1034 singulis
1177 990 1201 1021 C
1235 979 1388 1020 divisit.

49 1043 165 1087 Idem
199 1043 316 1098 Sylla
347 1044 530 1086 Faustus
568 1045 669 1087 fecit
707 1061 754 1087 ac
792 1045 842 1087 de
880 1059 956 1086 sua
992 1045 1171 1099 pecunia
1208 1044 1389 1099 largitus
1415 1053 1435 1083 8

49 1113 114 1152 est
149 1123 316 1163 unaque
354 1123 450 1150 cum
493 1109 560 1151 his
604 1110 656 1151 ab
693 1109 821 1151 Utica
860 1110 1144 1164 proficiscitur
1182 1112 1307 1164 atque
1346 1109 1390 1150 in

49 1188 227 1229 regnum
258 1174 318 1215 ire
351 1175 578 1215 contendit.

135 1237 412 1280 LXXXVIII.
458 1237 704 1293 Complures
726 1238 896 1279 interim
916 1254 969 1279 ex
987 1239 1091 1293 fuga
1108 1238 1280 1280 Uticam
1298 1252 1389 1291 per·
1418 1248 1434 1278 1

49 1304 233 1346 veniunt.
296 1302 410 1352 Quos
443 1317 587 1344 omnes
621 1302 723 1344 Cato
756 1306 1008 1344 convocatos
1045 1318 1130 1344 una
1168 1318 1262 1344 cum
1295 1313 1390 1360 CCC,

50 1368 122 1423 qui
158 1367 382 1422 pecuniam
414 1366 603 1421 Scipioni
640 1368 693 1408 ad
728 1366 888 1408 bellum
924 1367 1164 1408 faciendum
1205 1365 1389 1407 contule-

49 1435 162 1487 rant,
193 1432 407 1486 hortatur,
441 1435 490 1473 ut
521 1432 694 1474 servitia
723 1432 1073 1473 manumitterent
1104 1431 1389 1485 oppidumque

51 1497 329 1540 defenderent.
392 1496 582 1546 Quorum
620 1511 715 1538 cum
751 1499 915 1551 partem
953 1496 1182 1549 adsentire,
1224 1497 1389 1549 partem
1415 1505 1435 1535 2

50 1563 235 1604 animum
266 1564 536 1615 mentemque
566 1561 835 1615 perterritam
868 1564 994 1616 atque
1022 1561 1067 1602 in
1091 1561 1238 1615 fugam
1265 1560 1389 1601 desti-

50 1629 191 1668 natam
234 1625 388 1667 habere
432 1625 731 1678 intellexisset,
775 1625 956 1679 amplius
1001 1624 1051 1665 de
1096 1639 1144 1665 ea
1183 1639 1228 1665 re
1266 1637 1389 1678 agere

51 1691 213 1733 destitit
255 1704 467 1744 navesque
510 1689 577 1731 his
622 1689 835 1743 attribuit,
878 1691 944 1743 ut,
987 1689 1031 1730 in
1069 1702 1172 1743 quas
1211 1688 1389 1742 quisque

50 1758 189 1810 partes
214 1755 354 1810 vellet,
384 1755 732 1810 proficisceretur.
788 1752 884 1808 Ipse
916 1753 1112 1794 omnibus
1143 1753 1269 1794 rebus
1299 1752 1388 1793 dili·
1416 1764 1436 1794 3

51 1820 295 1875 gentissime
328 1820 585 1874 constitutis,
615 1819 762 1860 liberis
795 1818 882 1859 suis
912 1817 959 1858 L.
987 1816 1168 1871 Caesari,
1200 1817 1272 1871 qui
1298 1819 1389 1858 tum

51 1884 89 1926 ei
110 1898 186 1938 pro
208 1887 429 1938 quaestore
448 1884 599 1938 fuerat,
625 1882 942 1936 commendatis,
967 1884 1009 1923 et
1027 1882 1118 1923 sine
1138 1882 1390 1936 suspicione,

51 1947 170 1989 vultu
214 1950 340 2003 atque
391 1963 600 2002 sermone,
651 1962 734 2002 quo
785 1947 999 2001 superiore
1047 1949 1238 2001 tempore
1263 1961 1389 1998 ‚usus

51 2011 203 2066 fuerat,
253 2027 348 2054 cum
393 2013 623 2054 dormitum
667 2013 787 2066 isset,
833 2012 994 2053 ferrum
1036 2011 1150 2052 intro
1195 2010 1302 2052 clam
1346 2010 1390 2051 in

53 2076 290 2118 cubiculum
322 2076 424 2118 tulit
455 2080 581 2132 atque
613 2077 674 2118 ita
705 2091 749 2118 se
781 2076 958 2118 traiecit.
1010 2074 1091 2125 Qui
1125 2090 1219 2117 cum
1252 2075 1391 2116 anima
1415 2086 1437 2117 4

0 2151 2 2180 ῑ
51 2141 237 2182 nondum
269 2142 481 2196 exspirata
513 2141 777 2196 concidisset,
809 2145 848 2183 et
876 2142 1038 2195 impetu
1068 2141 1181 2181 facto
1207 2140 1252 2180 in
1277 2139 1389 2181 cubi-

0 2238 1 2255 3
53 2204 192 2246 culum
230 2220 281 2247 ex
318 2206 558 2260 suspicione
594 2206 783 2247 medicus
820 2205 1134 2259 familiaresque
1176 2204 1390 2245 continere

0 2299 2 2304 .
53 2267 204 2310 vulnus
243 2272 369 2324 atque
408 2270 596 2325 obligare
635 2270 888 2324 coepissent,
932 2269 1022 2323 ipse
1066 2269 1154 2310 suis
1194 2269 1390 2310 manibus

52 2332 203 2374 vulnus
241 2333 527 2376 crudelissime
567 2335 729 2376 divellit
766 2337 891 2389 atque
930 2334 1070 2375 animo
1102 2334 1314 2388 praesenti
1346 2349 1392 2375 se

1129 2406 1174 2420 F*

1134 2415 1143 2436 l
