1669 2574
217 116 299 157 148
500 116 536 150 C.
563 115 676 149 IULH
701 113 929 148 CAESARIS
954 113 1264 148 FRAGMENTA.

214 211 351 253 factum
375 211 430 244 sit.
485 210 623 253 Quibus
648 209 813 243 omnibus
837 209 1024 253 yeneribus
1048 219 1136 243 usus
1160 212 1210 243 est
1233 208 1344 242 nimis
1367 208 1555 253 impuden-

214 262 266 292 ter
293 257 426 291 Caesar
450 261 576 290 contra
602 255 771 290 Catonem
795 267 920 290 meum.

312 316 463 360 Quintil.
490 316 582 350 Inst.
612 314 670 349 Or.
697 315 777 357 III,
804 317 838 357 7,
862 318 923 350 28.
973 315 1119 359 Itaque,
1143 319 1184 350 ut
1208 325 1282 349 non
1308 315 1469 349 consensi
1492 315 1558 349 hoc

216 364 443 398 laudativum
472 373 584 407 yenus
615 363 712 397 circa
742 363 855 396 solani
886 363 1024 397 versari
1053 363 1190 397 honesti
1221 362 1478 406 quaestionem,
1506 363 1559 397 sic

215 410 389 453 qualitate
419 410 574 443 maxime
605 410 782 444 contineri
806 413 914 454 puto,
947 421 1164 454 quamquam
1194 413 1264 444 tres
1294 413 1409 444 status
1439 419 1560 443 omnes

214 457 338 491 cadere
368 457 410 490 in
439 457 503 491 hoc
534 467 623 500 opus
648 457 807 501 possint,
838 457 952 501 iisque
981 468 1088 491 usum
1114 456 1151 491 C.
1180 456 1366 491 Caesarem
1397 457 1438 490 in
1462 457 1557 491 vitu-

212 504 378 548 perando
405 503 540 539 Catone
564 504 742 539 notaverit
768 504 897 538 Cicero.

313 563 426 597 Tacit.
454 563 553 596 Ann.
580 562 652 605 IV,
677 565 733 596 34
786 563 910 596 Marci
943 562 1124 596 Ciceronis
1156 563 1258 604 libro,
1288 573 1357 606 quo
1390 562 1561 597 Catonem

216 610 312 644 caelo
344 610 528 654 aequavit,
559 590 652 654 quid'
679 610 784 643 aliud
809 610 964 644 dictator
990 609 1123 644 Caesar
1148 620 1255 653 quam
1279 610 1453 654 owescvipta
1478 619 1560 643 οια-

215 658 327 699 tione,
352 657 447 692 velut
471 657 572 701 apud
596 657 745 699 iudiceS,
769 656 979 701 respondit?

310 716 435 751 Iuven.
463 715 538 750 Sat.
571 716 637 759 VJ,
663 718 737 751 338

1160 772 1279 796 omnes

381 814 557 845 noverunt
583 810 716 845 Mauri
741 814 846 854 atque
870 809 977 852 Indi,
1002 820 1093 853 quae
1112 809 1272 853 psaltria
1292 820 1418 852 penem

382 858 569 899 maiorem,
594 869 703 901 quam
728 862 812 891 sunt
837 857 909 891 duo
936 856 1102 891 Caesaris
1126 856 1373 898 Anticatones,

382 906 488 947 illuc,
513 905 668 939 testiculi
691 905 762 939 sibi
787 905 949 939 conscius
974 904 1070 939 unde
1097 904 1194 949 fugit
1218 914 1308 946 mus,

381 952 554 988 intulerit.

312 1024 425 1058 Schol.
453 1024 501 1057 ad
525 1024 558 1057 h.
586 1024 607 1057 l.
666 1023 799 1057 Caesar
831 1023 920 1057 bello
955 1022 1056 1057 civili
1087 1022 1231 1066 coynita
1264 1021 1411 1056 Catonis
1441 1024 1565 1063 morte,

217 1072 321 1106 cuius
346 1072 511 1105 virtutem
536 1071 681 1115 dialoyo
705 1071 769 1104 illo
794 1071 854 1104 cui
878 1070 1064 1113 inscripsit
1091 1069 1178 1103 Cato
1205 1068 1326 1103 Cicero
1350 1068 1456 1103 etiam
1483 1068 1562 1101 lau-

218 1119 330 1160 davit,
356 1119 466 1152 libros
491 1118 581 1152 duos
605 1118 875 1160 famosissimos,
901 1117 1013 1151 vitam
1033 1116 1192 1158 Catonis,
1217 1116 1329 1151 edidit
1349 1126 1436 1160 quos
1454 1115 1562 1149 Anti-

218 1170 360 1201 catones
384 1165 579 1209 inscripsit.

313 1225 408 1268 App.
442 1224 534 1258 Bell.
569 1224 642 1258 Cio.
670 1224 732 1266 ΙΙ,
758 1227 816 1258 99.
867 1221 1077 1281 Kiniomvo’g
1119 1221 1342 1265 ποιήσαντος
1385 1221 1566 1279 ἐγκώμιον

218 1271 254 1312 ἐς
292 1271 406 1306 αυτὸν
444 1272 507 1306 καὶ
546 1270 823 1316 ἐπιγραψαντος
853 1269 1004 1313 Κάτων,
1042 1268 1251 1315 ἀντέγραψε
1286 1281 1512 1314 κατηγοριαν
1544 1267 1564 1302 ὁ

219 1322 376 1362 Καῖσαρ,
402 1319 465 1352 καὶ
491 1317 701 1364 ἐπέγραψεν
722 1316 949 1352 Ἀντικάτων.

313 1378 390 1412 Dio
417 1377 514 1412 Cass.
542 1378 699 1419 XLIII,
725 1380 783 1419 13,
807 1380 840 1411 4.
891 1377 965 1411 Καὶ
991 1376 1037 1420 δὴ
1067 1377 1130 1410 καὶ
1155 1376 1220 1411 τὸν
1247 1374 1405 1410 Κάτωνα
1432 1374 1565 1409 ἔσωσεν

219 1423 284 1460 ἂν·
314 1423 407 1459 ούτω
433 1423 502 1470 γὰρ
529 1424 644 1459 αυτὸν
670 1423 927 1468 ἐτεθαυμάκει,
953 1423 1041 1458 ὥστε
1068 1429 1132 1458 τοῦ
1152 1421 1362 1466 Κικέρωνος
1384 1421 1566 1478 ἐγκώμιον

220 1472 308 1516 μετὰ
346 1478 461 1506 ταῦτα
497 1473 612 1506 αὐτοῦ
649 1470 864 1516 γράψαντος
902 1471 1156 1529 ἀγανακτῆσαι
1188 1469 1254 1514 μὲν
1284 1468 1400 1514 μηδὲν
1431 1467 1564 1512 καίπερ

220 1520 282 1554 καὶ
315 1517 458 1554 ἐκείνου
491 1519 526 1553 οἱ
556 1518 941 1563 προσπολεμῆσαντος,
973 1516 1116 1564 βιβλίον
1142 1516 1183 1552 δέ
1208 1531 1242 1552 τι
1268 1516 1429 1562 γραψαι,
1456 1515 1475 1551 ὃ
1501 1516 1566 1550 καὶ

213 1565 458 1602 Ἀντικάτωνα
485 1565 638 1601 ἐκάλεσε.

317 1627 431 1661 Mart.
455 1626 541 1670 Cap.
563 1626 603 1670 V,
624 1629 698 1660 468
718 1638 756 1670 p.
778 1628 850 1660 152
871 1626 933 1660 Gr.
976 1626 1176 1659 Adversum
1200 1635 1309 1668 quam
1333 1623 1568 1658 intentionem

222 1674 407 1709 laudatori
431 1678 609 1708 certamen
634 1678 684 1708 est
708 1674 761 1708 vel
786 1673 1035 1717 vituperatori,
1061 1673 1141 1706 licet
1163 1672 1204 1705 iri
1229 1671 1409 1715 superiori
1428 1674 1566 1705 astruc-

221 1722 316 1756 tione
347 1721 498 1765 quidam
522 1721 707 1764 conflictus
732 1721 874 1755 evidens
899 1720 1128 1764 approbetur,
1157 1723 1198 1753 ut
1222 1730 1302 1753 cum
1327 1719 1424 1752 alius
1448 1728 1566 1761 quem-

216 1769 321 1812 piam
353 1768 481 1802 laudat
511 1772 543 1802 et
575 1768 667 1802 alter
696 1772 858 1810 accusat,
889 1772 930 1802 ut
963 1768 1131 1802 Catonem
1168 1766 1310 1800 Tullius
1347 1765 1505 1799 laudans
1536 1767 1570 1799 et

222 1816 361 1849 duobus
386 1815 629 1849 voluminibus
656 1815 788 1849 Caesar
813 1826 997 1849 accusans.

317 1873 529 1918 Hieronymi.
566 1873 754 1908 Comment.
794 1874 835 1907 in
870 1873 952 1908 Osee
984 1873 1065 1907 Lib.
1092 1873 1155 1915 ΙΙ,
1193 1872 1316 1914 Praef.
1363 1871 1478 1915 (Toni.
1512 1870 1572 1904 VI

217 1932 255 1965 p.
284 1923 329 1955 54
355 1921 407 1954 ed.
435 1921 620 1963 Vallars..)
667 1921 793 1966 BIagJis
819 1925 977 1964 optarem
1002 1920 1096 1954 illud
1120 1900 1209 1954 viihi
1233 1919 1447 1971 continyere,
1471 1918 1567 1971 quod

227 1969 330 2003 Titus
350 1967 481 2002 Livius
505 1968 629 2002 scribit
653 1968 696 2002 (le
717 1968 862 2011 Catone,
887 1969 990 2002 cuius
1014 1968 1108 2013 9101
1094 1978 1151 2001 iae
1174 1978 1286 2011 neque
1305 1965 1449 2009 profuit
1469 1965 1566 2018 quis-

224 2027 332 2059 quam
358 2015 556 2057 laudando,
580 2026 644 2049 nec
667 2015 906 2069 vituperando
925 2016 1059 2057 nocuit,
1084 2025 1193 2058 quum
1212 2018 1272 2048 uti
1273 2024 1400 2056 umque
1419 2013 1568 2046 summis

219 2062 382 2107 praediti
417 2063 567 2105 fecerint
602 2063 768 2106 inqeniis
826 2062 1017 2107 Siynificat
1053 2066 1172 2096 autem
1206 2061 1261 2094 M.
1296 2060 1498 2094 Ciceronem
1535 2063 1568 2093 et

226 2110 261 2143 (¹.
286 2110 483 2152 Caesarem,
509 2120 659 2154 quorum
685 2110 774 2144 alter
798 2110 933 2152 laudes,
959 2110 1049 2144 alter
1068 2108 1346 2152 vituperationes
1364 2106 1569 2151 supradicti

223 2158 366 2201 scripsit
388 2157 470 2191 oiri.
