1669 2574
178 368 229 393 19⁶.)

175 604 226 629 193

176 747 227 771 194

172 1174 222 1199 196

171 1363 221 1388 197

169 1600 220 1625 193

168 1791 217 1816 199

164 2169 215 2194 200

163 2312 213 2335 201

250 122 335 163 200
536 123 572 158 C
599 123 713 157 IULII
738 122 966 158 CAESARIS
991 122 1303 159 FRAGMENTA

247 218 418 276 ἀρχιερέα
450 219 507 253 καὶ
539 218 720 260 ἐθνάρχην
748 217 934 252 Ιουδαίων
959 218 1138 261 πέπομφα
1171 219 1255 261 ὑμῖν
1280 221 1323 254 τὸ
1351 220 1594 265 ἀντίγραφον,

247 264 301 298 ἵν
327 266 365 299 ἐν
396 270 473 300 τοῖς
505 265 688 307 δημοςίοις
718 265 823 306 ὑμῶν
857 266 1056 308 ἀνακέηται
1087 266 1301 309 γράμμαςιν.
1347 269 1520 311 βούλομαι
1553 270 1594 304 δὲ

249 313 306 345 καὶ
339 313 516 355 ἑλληνιςτὶ
547 313 606 345 καὶ
639 313 813 354 ῥωμαιςτὶ
845 313 884 346 ἐν
917 313 1033 357 δέλτῳ
1065 315 1178 357 χαλκῇ
1213 317 1327 348 τοῦτο
1360 315 1593 359 ἀνατεθῆναι

249 360 342 393 ἐςτιν
369 361 412 402 δὴ
439 362 570 394 τοῦτο
600 360 742 393 Ἰούλιος
763 360 892 402 Καῑςαρ
919 360 1160 403 αὐτοκράτωρ
1180 362 1238 395 καὶ
1258 361 1445 405 ἀρχιερεὺς
1469 362 1595 397 δικτά-

248 417 318 447 τωρ
344 407 388 440 τὸ
415 408 589 449 δεύτερον
617 407 707 448 μετὰ
733 406 950 450 ςυμβουλίου
976 408 1126 450 γνώμης
1152 409 1330 451 ἐπέκρινα.
1361 409 1437 444 ἐπεὶ
1464 410 1595 453 Ὑρκα-·

246 453 310 486 νὸς
337 454 575 496 Ἀλεξάνδρου
597 454 770 488 Ἰουδαῖος
795 456 854 488 καὶ
879 457 947 488 νῦν
973 456 1031 489 καὶ
1058 456 1097 489 ἐν
1121 459 1199 490 τοῖς
1224 456 1423 499 ἔμπροςθεν
1449 457 1596 500 χρόνοις

249 500 287 532 ἐν
312 511 353 534 τε
379 500 503 545 εἰρήνῃ
531 502 591 535 καὶ
614 502 763 545 πολέμῳ
782 501 900 536 πίςτιν
925 513 965 536 τε
985 503 1044 536 καὶ
1071 505 1232 546 ςπουδὴν
1257 505 1338 546 περὶ
1362 505 1410 538 τὰ
1434 505 1594 548 ἡμέτερα

246 548 443 590 πράγματα
480 548 707 592 ἐπεδείξατο,
741 550 792 583 ὡς
829 550 930 594 αὐτῷ
968 551 1096 584 πολλοὶ
1135 552 1449 594 μεμαρτυρήκαςιν
1487 553 1595 587 αύτο-

248 595 433 639 κράτορες,
460 598 519 630 καὶ
545 596 584 629 ἐν
603 608 657 640 τῳ
684 597 828 638 ἔγγιςτα
857 597 895 630 ἐν
916 597 1167 641 Ἀλεξανδρείᾳ
1192 599 1340 642 πολέμῳ
1362 599 1452 640 μετὰ
1471 599 1594 641 χιλίων

245 643 494 677 πεντακοςίων
533 647 768 686 ςτρατιωτῶν
799 644 888 686 ἦκεν
926 645 1107 686 ςύμμαχος
1145 646 1202 679 καὶ
1239 646 1331 688 πρὸς
1365 647 1594 690 Μιθριδάτην

247 689 461 725 ἀποςταλείς
492 691 560 725 ὑπ’
586 691 674 733 ἐμου
706 692 847 726 πάντας
879 691 1028 735 ἀνδρείᾳ
1059 693 1147 726 τοὺς
1172 693 1211 726 ἐν
1236 693 1335 727 τάξει
1360 694 1593 738 ὑπερέβαλεν,

248 736 306 769 διὰ
331 738 468 773 ταύτας
493 739 559 773 τὰς
585 738 701 772 αἰτίας
728 739 907 782 Ὑρκανὸν
929 739 1167 782 Αλεξάνδρου
1192 742 1251 774 καὶ
1269 740 1317 774 τὰ
1339 741 1452 775 τέκνα
1476 742 1592 776 αὐτοῦ

246 783 424 828 εθνάρχας
457 786 640 821 Ιουδαίων
674 787 767 820 εἶναι
799 787 1069 829 ἀρχιερωςύνην
1094 797 1135 821 τε
1162 787 1347 821 Ἰουδαίων
1373 788 1431 821 διὰ
1455 789 1596 823 παντὸς

245 831 340 873 ἔχειν
367 834 460 867 κατὰ
484 834 531 868 τὰ
556 834 693 877 πάτρια
713 834 788 877 ἔθη,
817 834 909 868 εἶναί
933 845 974 867 τε
994 835 1109 868 αὐτὸν
1128 836 1295 869 καὶτοὺς
1318 836 1450 869 παῖδας
1475 836 1592 870 αὐτοῦ

245 880 454 922 ςυμμάχους
477 882 564 924 ἡμῖν
590 881 643 914 ἔτι
660 891 701 915 τε
727 882 785 914 καὶ
806 881 844 915 ἐν
869 885 946 915 τοῖς
966 882 1052 915 κατ’
1078 882 1194 924 ἄνδρα
1214 882 1333 925 φίλοις
1359 882 1592 927 ἀριθμεῑςθαι,

244 925 309 959 ὅςα
334 938 375 961 τε
400 929 493 962 κατὰ
518 929 606 962 τοὺς
631 927 744 962 ἰδίους
776 929 901 962 αὐτῶν
926 928 1062 970 νόμους
1087 929 1181 963 ἐςτίν
1208 929 1439 973 ἀρχιερατικὰ
1465 930 1591 974 φιλάν-

244 975 384 1018 θρωπα,
411 979 529 1009 ταῦτα
555 976 692 1009 κελεύω
720 976 886 1018 κατέχειν
912 976 1027 1010 αὐτὸν
1048 977 1105 1009 καὶ
1130 977 1177 1010 τὰ
1196 977 1306 1011 τέκνα
1327 977 1459 1011 αὐτου·
1486 979 1531 1012 ἄν
1550 989 1590 1012 τε

243 1023 376 1062 μεταξὺ
409 1023 561 1066 γένηταί
592 1032 645 1057 τις
671 1024 816 1066 Ζήτηςις
847 1025 930 1066 περὶ
955 1025 1022 1065 τῆς
1050 1023 1231 1058 Ἰουδαίων
1257 1024 1423 1068 ἀγωγῆς,
1451 1025 1589 1068 ἀρέςκει

243 1079 302 1109 μοι
329 1068 438 1112 κρίςιν
465 1070 624 1112 γίνεςθαι
657 1069 766 1115 [παρ
792 1069 943 1116 αὐτοῖς]
993 1071 1278 1114 παραχειμαςίαν
1305 1072 1345 1106 δὲ
1370 1073 1392 1114 ἢ
1419 1073 1590 1116 χρήματα

241 1115 453 1158 πράςςεςθαι
479 1118 522 1151 οὐ
550 1118 744 1160 δοκιμάζω.

337 1166 370 1198 3.
405 1166 511 1199 Γαΐου
540 1165 713 1209 Καίςαρος
738 1166 1012 1209 αὐτοκράτορος
1037 1166 1179 1200 ὑπάτου
1207 1166 1386 1208 δεδομένα
1411 1177 1589 1209 ςυγκεχω-

242 1211 382 1252 ρημένα
406 1213 691 1256 προςκεκριμένα
717 1213 812 1247 ἐςτίν
835 1214 955 1247 οὕτως
981 1214 1124 1255 ἔχοντα.
1152 1214 1251 1248 ὅπως
1269 1214 1316 1247 τὰ
1335 1214 1446 1247 τέκνα
1472 1215 1587 1248 αὐτοῦ

241 1261 308 1291 τοῦ
337 1259 521 1294 Ἰουδαίων
554 1261 684 1294 ἔθνους
710 1261 820 1305 ἄρχῃ,
847 1262 905 1294 καὶ
937 1262 1025 1294 τοὺς
1057 1261 1276 1302 δεδομένους
1300 1261 1438 1295 τόπους
1464 1261 1588 1304 καρπί-

241 1306 388 1351 Ζωνται,
415 1309 474 1341 καὶ
499 1308 519 1341 ὁ
546 1308 733 1350 ἀρχιερεὺς
753 1308 865 1342 αὐτὸς
890 1310 949 1342 καὶ
969 1308 1148 1351 ἐθνάρχης
1173 1311 1249 1342 τῶν
1278 1307 1461 1342 Ἰουδαίων
1486 1320 1588 1351 προι-

242 1355 368 1395 ςτῆται
393 1358 471 1389 τῶν
497 1355 760 1396 ἀδικουμένων.
795 1355 934 1397 πέμψαι
955 1356 994 1389 δέ
1013 1356 1105 1398 πρὸς
1130 1355 1310 1398 Ὑρκανὸν
1330 1355 1396 1389 τὸν
1423 1355 1587 1390 Ἀλεξάν-

242 1401 330 1442 δρου
369 1402 450 1436 υἱὸν
489 1403 657 1446 ἀρχιερέα
693 1406 771 1437 τῶν
810 1402 994 1436 Ἰουδαίων
1032 1403 1090 1436 καὶ
1121 1403 1341 1445 πρεςβευτὰς
1377 1404 1465 1437 τοὺς
1505 1404 1589 1446 περὶ

241 1447 362 1489 φιλίας
394 1451 451 1484 καὶ
485 1449 683 1492 ςυμμαχίας
715 1450 1005 1492 διαλεξομένους·
1033 1450 1255 1492 ἀνατεθῆναι
1287 1450 1327 1484 δὲ
1358 1451 1416 1484 καὶ
1447 1452 1585 1493 χαλκῆν

240 1495 368 1530 δέλτον
400 1500 519 1531 ταῦτα
550 1497 785 1540 περιέχουςαν
817 1498 856 1531 ἔν
881 1508 921 1532 τε
946 1501 1000 1541 τῷ
1035 1496 1254 1542 Καπετωλίῳ
1287 1498 1345 1531 καὶ
1372 1498 1500 1532 Ειδώνι
1526 1499 1584 1531 καὶ

238 1542 347 1587 Τύρῳ
386 1546 444 1578 καὶ
483 1545 521 1578 ἐν
562 1545 756 1579 Ἀςκάλωνι
795 1544 889 1589 [καὶ]
934 1545 973 1578 ἐν
1010 1549 1087 1579 τοῖς
1122 1548 1224 1579 ναοῖς
1267 1545 1584 1588 ἐγκεχαραγμένην

240 1591 442 1633 γράμμαςιν
471 1592 685 1635 Ῥωμαικοῑς
710 1593 767 1625 καὶ
795 1593 1022 1635 Ἑλληνικοῖς.
1067 1593 1167 1626 ὅπως
1191 1602 1232 1626 τε
1257 1593 1301 1626 τὸ
1327 1592 1446 1633 δόγμα
1470 1595 1584 1626 τοῦτο

239 1640 322 1671 πᾶςι
347 1643 424 1673 τοῖς
450 1640 543 1673 κατὰ
568 1641 637 1682 τὴν
662 1639 767 1673 πόλιν
792 1640 936 1681 ταμίαις
961 1641 1020 1673 καὶ
1045 1643 1122 1673 τοῖς
1145 1640 1290 1674 τούτων
1316 1639 1536 1681 ἡγουμένοὶς
1559 1639 1584 1684 †

239 1685 287 1718 εἴς
312 1697 352 1719 τε
377 1688 465 1720 τοὺς
490 1686 621 1729 φίλους
646 1687 886 1728 ἀνενέγκωςιν
911 1687 970 1720 καὶ
990 1688 1086 1721 ξένια
1110 1690 1187 1721 τοῖς
1210 1688 1444 1730 πρεςβευταῑς
1467 1697 1585 1730 παρα-

238 1736 331 1774 ςχεῑν
358 1735 415 1767 καὶ
442 1734 487 1767 τὰ
514 1734 743 1776 διατάγματα
769 1735 968 1776 διαπέμψαι
993 1737 1192 1776 πανταχοῦ.

333 1782 364 1814 4.
413 1781 513 1815 Γάιος
552 1782 681 1824 Καῑςαρ
720 1782 962 1825 αὐτοκράτωρ
1000 1781 1182 1824 δικτάτωρ
1213 1781 1353 1815 ὕπατος
1388 1783 1494 1824 τιμῆς
1525 1782 1584 1815 καὶ

238 1827 370 1870 ἀρετῆς
405 1830 463 1861 καὶ
502 1828 778 1872 φιλανθρωπίας
818 1830 940 1863 ἕνεκεν
981 1829 1227 1871 ςυνεχώρηςεν
1267 1829 1323 1862 ἐπὶ
1362 1829 1584 1872 ςυμφέροντι

237 1876 295 1908 καὶ
321 1879 366 1919 τῇ
394 1877 583 1919 ςυγκλήτῳ
611 1877 741 1920 καὶτῷ
768 1877 873 1920 δήμῳ
899 1879 976 1911 τῶν
1004 1875 1193 1918 Ῥωμαίων
1215 1876 1395 1918 Ὑρκανὸν
1423 1876 1583 1910 Ἀλεξάν-

237 1922 326 1964 δρου
353 1922 434 1956 υἱὸν
461 1924 518 1956 καὶ
549 1924 660 1957 τέκνα
692 1925 807 1957 αὐτοῦ
841 1924 1018 1967 ἀρχιερεῖς
1041 1933 1082 1957 τε
1108 1924 1165 1956 καὶ
1197 1922 1303 1966 ἱερεῖς
1330 1923 1582 1966 Ἱεροςολύμων

235 1970 294 2002 καί
319 1973 386 2003 τοῦ
413 1971 542 2004 ἔθνους
568 1971 660 2004 εἶναι
680 1971 737 2004 ἐπὶ
757 1975 832 2005 τοῖς
852 1970 1012 2014 δικαίοις,
1039 1970 1093 2004 οἷς
1112 1972 1170 2004 καὶ
1190 1970 1223 2004 οἱ
1248 1970 1427 2013 πρόγονοι
1454 1971 1581 2004 αὐτῶν

234 2018 304 2059 τήν
330 2017 601 2060 ἀρχιερωςύνην
627 2019 873 2060 διακατέςχον.

697 2112 729 2134 α.
750 2112 785 2134 u.
806 2111 833 2135 c.
860 2099 1004 2134 DGGX
1029 2102 1119 2144 (44).

331 2161 363 2193 5.
409 2160 512 2193 Γάιος
538 2159 667 2201 Καῖςαρ
699 2160 838 2193 ὕπατος
863 2160 906 2193 τὸ
933 2160 1098 2201 πέμπτον
1131 2160 1270 2202 ἔκρινεν
1302 2160 1460 2192 τούτους
1486 2159 1581 2201 ἔχειν

236 2208 293 2240 καὶ
318 2206 466 2249 τειχίςαι
490 2208 560 2249 τὴν
587 2207 877 2249 Ἱεροςολυμιτῶν
897 2207 1012 2250 πόλιν,
1040 2207 1097 2240 καὶ
1118 2207 1282 2248 κατέχειν
1309 2207 1426 2248 αὐτὴν
1453 2206 1580 2249 Ὑρκα-

233 2255 299 2288 νὸν
332 2254 571 2298 Ἀλεξάνδρου
603 2254 770 2296 ἀρχιερέα
803 2254 985 2287 Ἰουδαίων
1018 2255 1076 2287 καὶ
1107 2254 1289 2297 ἐθνάρχην
1323 2254 1372 2287 ὡς
1399 2255 1442 2287 ἂν
1469 2254 1581 2288 αὐτὸς

234 2305 466 2345 προαιρῆται.
510 2302 611 2335 ὅπως
640 2312 679 2335 τε
713 2301 894 2335 Ἰουδαίοις
926 2301 964 2334 ἐν
997 2305 1050 2344 τῷ
1084 2301 1245 2345 δευτέρῳ
1278 2303 1344 2343 τῆς
1377 2302 1580 2343 μιςθώςεως

234 2348 339 2394 [ἔτει]
377 2352 443 2391 τῆς
480 2349 662 2391 προςόδου
702 2349 812 2392 κόρον
849 2349 1096 2382 ὑπεξέλωνται
1134 2350 1190 2381 καὶ
1229 2349 1320 2391 μήτε
1358 2347 1581 2391 ἐργολαβῶςί

233 2407 329 2430 τινες
355 2397 445 2439 μήτε
472 2397 613 2439 φόρους
639 2397 726 2430 τοὺς
752 2397 887 2430 αὐτοὺς
912 2398 1071 2429 τελῶςιν.
