1669 2574
269 123 353 165 170
549 123 585 158 C.
611 122 726 157 IULII
752 121 978 157 CAESARIS
1005 121 1316 158 FRAGMENTA.

268 228 340 262 quo
367 228 411 251 ex
435 217 516 251 loeo
542 215 720 250 terminus
748 214 885 259 aberit,
920 214 950 248 si
975 215 1058 259 quis
1089 215 1129 249 in
1154 226 1237 250 eum
1261 216 1383 251 locum
1407 217 1607 252 terminum

266 264 462 299 restituere
494 262 608 306 volet,
642 262 721 296 sine
752 262 882 296 fraude
917 273 983 296 sua
1014 262 1125 297 liceto
1150 263 1289 308 facere,
1315 274 1405 298 neve
1431 264 1521 308 quid
1547 264 1608 307 cui

268 311 299 345 is
327 311 372 345 ob
400 321 482 345 eam
507 320 584 343 rem
608 310 679 344 hae
704 309 787 354 lege
814 309 901 344 dare
928 310 1082 344 damnas
1109 312 1199 345 esto.

365 357 418 401 Cf.
460 357 655 392 Callistrat.
695 357 781 402 Diy.
808 359 868 399 47,
892 359 957 400 21,
984 360 1023 401 3,
1056 369 1114 402 pr.
1165 358 1258 403 Leye
1296 359 1463 403 ayraria,
1500 369 1608 403 quam

272 405 390 440 Gaius
423 404 555 439 Caesar
586 405 687 446 tulit,
725 405 895 439 adversus
926 416 999 447 eos,
1031 405 1093 448 qui
1123 406 1292 440 terminos
1323 409 1475 440 statutos
1506 410 1609 440 extra

267 463 373 488 suum
412 452 566 496 qradum
602 451 730 494 finesve
767 452 941 486 moverint
976 452 1057 487 dolo
1095 452 1207 495 malo,
1239 453 1457 497 pecuniaria
1489 463 1610 497 poena

271 499 467 534 constituta
498 502 565 533 est:
597 510 683 533 nam
715 499 755 533 in
786 500 955 534 terminos
982 500 1161 544 sinqulos,
1192 510 1279 544 quos
1304 500 1469 535 eiecerint
1495 500 1610 535 locove

269 546 457 589 moverint,
494 546 761 591 quinquaqinta
797 556 925 581 aureos
956 547 995 580 in
1028 547 1176 590 publico
1207 547 1292 581 clari
1322 547 1436 581 iubet:
1470 551 1502 582 et
1532 547 1611 582 eius

269 594 442 628 actionem
473 593 684 637 petitionem
721 594 752 628 ei
789 594 852 638 qui
888 594 978 628 volet
1008 604 1078 628 esse
1110 594 1215 629 iubet.
1266 594 1345 629 Lem
1379 594 1450 629 Col.
1487 594 1609 629 Genet.

268 652 294 675 c.
324 643 394 675 104
419 641 523 683 infra
542 652 579 684 p.
602 643 682 675 194.

362 687 443 722 Liv.
475 687 576 731 Epit.
613 687 717 722 CIII.
769 688 880 733 Leyes
911 688 1080 732 aqrariae
1117 699 1141 721 a
1174 687 1324 723 Caesare
1355 689 1498 723 consule
1529 699 1611 723 cum

268 746 403 781 mayna
435 735 673 778 contentione,
704 736 818 770 invito
850 739 978 770 senatu
1009 739 1041 770 et
1071 735 1181 770 altero
1212 736 1354 770 consule
1385 735 1440 770 M.
1474 736 1613 770 Bibulo

270 783 365 818 latae
389 786 482 817 sunt.

370 830 457 864 Vell.
484 829 546 871 II,
572 832 635 871 44,
661 831 691 862 4.
743 829 792 862 In
822 830 886 864 hoc
916 829 1105 864 consulatu
1138 828 1271 864 Caesar
1302 830 1408 875 leyem
1438 830 1539 872 tulit,
1570 833 1612 864 ut

269 888 354 922 ayer
387 876 595 920 Campanus
627 876 743 920 plebei
774 877 1011 919 divideretur,
1041 887 1187 911 suasore
1219 877 1305 922 leqis
1336 877 1525 921 Pompeio:
1556 877 1611 912 ita

267 925 409 959 circiter
433 924 564 969 viginti
588 924 692 957 milia
718 924 850 958 civium
875 934 912 958 eo
938 924 1091 959 deducta
1121 928 1153 958 et
1183 924 1241 958 ias
1275 924 1377 959 urbis
1407 924 1612 958 restitutum

264 976 347 1016 post
372 981 488 1005 annos
513 971 653 1005 circiter
679 975 817 1005 centum
838 972 1106 1016 quinquaqinta
1125 971 1215 1005 duos
1234 982 1341 1015 quam
1361 971 1448 1006 bello
1468 971 1614 1006 Pumico

268 1020 313 1054 ab
334 1019 512 1053 Romanis
533 1018 662 1062 Capua
687 1018 728 1052 in
751 1019 906 1061 formam
926 1018 1177 1062 praefecturae
1201 1019 1348 1053 redacta
1373 1022 1457 1053 erat.
1495 1021 1554 1061 45,
1574 1020 1608 1052 2.

364 1065 458 1100 Suet.
488 1065 584 1099 Caes.
611 1067 669 1100 20.
717 1065 892 1109 Campum
918 1066 1109 1108 Stellatem,
1135 1066 1332 1100 maioribus
1357 1069 1614 1108 consecratum,

268 1123 465 1158 agrumque
492 1112 729 1156 Campanum,
755 1113 803 1147 aa
827 1113 992 1147 subsidia
1016 1114 1069 1147 rei
1088 1113 1256 1157 publicae
1280 1113 1485 1158 vectigalem
1508 1113 1609 1147 relic-

268 1164 356 1203 tum,
381 1160 505 1194 divisit
529 1164 632 1194 ecctra
656 1164 782 1195 sortem
808 1160 857 1195 acl
882 1160 1013 1205 viyinti
1037 1161 1183 1194 milibus
1202 1160 1345 1202 civium,
1371 1160 1500 1204 quibus
1518 1160 1615 1194 terni

266 1208 432 1252 pluresve
458 1207 562 1241 liberi
587 1211 708 1241 essent.

363 1255 459 1298 App.
486 1254 578 1289 Bell.
608 1254 680 1288 Civ.
708 1255 771 1297 ΙΙ,
797 1257 853 1289 10.
906 1252 1058 1298 Νόμους
1089 1253 1179 1298 ὑπὲρ
1211 1260 1283 1289 τῶν
1314 1253 1483 1297 πενήτων
1509 1253 1546 1294 ἐς
1570 1253 1612 1288 τὸ

269 1300 531 1347 βουλευτήριον
558 1299 716 1345 ἐσέφερε,
743 1301 805 1335 καὶ
832 1315 900 1346 γην
926 1302 1051 1341 αὐτοῖς
1077 1300 1238 1345 διένεμε,
1264 1301 1327 1335 καὶ
1353 1301 1419 1346 τὴν
1445 1301 1611 1345 ἀριστεύ-

272 1360 387 1383 ουσαν
411 1349 528 1398 αὐτῆς
546 1347 699 1392 μάλιστα
719 1350 803 1392 περὶ
823 1349 994 1393 Καπύην,
1014 1347 1092 1395 <77>
1114 1348 1150 1388 ἐς
1168 1348 1213 1383 τὰ
1233 1348 1341 1383 κοινὰ
1361 1350 1614 1392 διεμισθοῦτο,

268 1402 344 1436 τοῖς
382 1399 462 1430 ουσι
500 1395 659 1439 πατράσι
690 1394 836 1430 παίδων
868 1402 996 1439 τριῶν,
1035 1396 1216 1440 ἔμμισθον
1256 1395 1372 1453 εαυτῷ
1405 1397 1513 1452 τῆσδε
1545 1400 1610 1440 τῆς

270 1443 420 1488 χάριτος
440 1445 589 1502 πλῆθος
613 1441 763 1478 τοσόνδε
790 1444 1025 1487 ποιούμενος
1053 1443 1238 1487 δισμύριοι
1261 1442 1329 1488 γὰρ
1350 1432 1500 1487 ἀθρόως
1519 1441 1613 1486 ἐφά-

270 1502 388 1535 νησαν
415 1490 449 1524 οἱ
475 1490 520 1524 τὰ
546 1503 629 1534 τρια
655 1489 851 1534 τρέφοντες
877 1489 993 1535 μόνοι.

364 1538 461 1582 App.
488 1538 580 1572 Bell.
610 1537 682 1572 Giv.
711 1539 795 1577 ΙΙΙ,
903 1536 985 1572 ’Έτι
1023 1537 1063 1572 δε
1102 1537 1203 1577 ὄντες
1240 1537 1382 1571 ἀστικοὶ
1416 1537 1614 1581 στρατηγοὶ

271 1587 448 1629 (Βροῦτος
480 1586 542 1619 καὶ
570 1584 741 1629 Κάσσιος)
775 1584 837 1620 ὑπ’
868 1585 1032 1630 ἀνάγκης
1058 1585 1119 1619 καὶ
1147 1584 1392 1642 διατάγμασιν
1419 1582 1479 1618 οἷα
1505 1595 1612 1627 στρα-

271 1633 375 1677 τηγοὶ
413 1645 499 1672 τους
536 1632 760 1677 κληρούχους
799 1632 1046 1676 ἐθεραπευον,
1080 1631 1178 1672 ὅσοις
1208 1645 1245 1666 τε
1278 1631 1398 1671 ἄλλοις
1433 1629 1613 1687 ἐπενόουν

274 1680 337 1714 καὶ
357 1679 401 1714 τὰ
422 1679 704 1724 κληρουχήματα
725 1685 994 1739 συχχωροῦντες
1014 1680 1139 1719 αὐτοῖς
1158 1678 1392 1722 πιπράσκειν,
1413 1684 1477 1713 τοῦ
1498 1677 1614 1722 νόμου

270 1727 477 1766 κωλύοντος
503 1726 604 1766 ἐντὸς
630 1726 768 1762 εἴκοσιν
794 1727 884 1762 ἐτῶν
911 1726 1176 1761 αποδίδοσθαι

370 1775 446 1808 Dio
474 1774 570 1809 Cass
596 1775 835 1817 XXXVIII,
862 1778 894 1817 1,
946 1778 1024 1809 -6.
1068 1774 1143 1818 Τὴν
1170 1772 1210 1808 δὲ
1236 1774 1358 1818 χώραν
1383 1772 1449 1816 τήν
1474 1785 1511 1807 τε
1535 1785 1614 1807 κοι-

274 1821 343 1865 νὴν
377 1821 525 1856 ἅπασαν
557 1821 652 1866 πλην
684 1827 747 1866 τῆς
773 1821 1017 1866 Καμπανίδος
1045 1821 1147 1865 ενεμε
1174 1842 1217 1846 -—
1243 1821 1391 1871 ταύτην
1405 1819 1473 1865 γὰρ
1500 1819 1539 1855 ἐν
1564 1822 1614 1866 τῷ

274 1867 436 1926 δημοσίῳ
471 1867 657 1927 ἐξαίρετον
690 1869 752 1903 δια
786 1869 852 1913 τὴν
884 1869 1018 1913 ἀρετην
1051 1868 1331 1926 συνεβούλευσεν
1357 1880 1453 1902 ειναι
1480 1889 1522 1892 -
1549 1867 1613 1901 καὶ

271 1928 337 1972 τ77ν
369 1915 500 1960 λοιπην
533 1915 614 1949 οὔτε
646 1915 747 1959 παρὰ
780 1916 934 1956 ἄκοντος
965 1929 1065 1955 τιιος
1098 1914 1173 1950 οὔτ’
1200 1919 1246 1949 αὑ
1277 1914 1363 1949 ὅσου
1389 1913 1436 1949 ἂν
1463 1914 1497 1949 οἱ
1524 1926 1612 1959 γεω-

273 1962 380 2007 νόμοι
413 1963 657 2019 βουληθωσιν,
690 1963 780 1997 ἀλλὰ
811 1970 956 2007 πρῶτον
988 1976 1053 2007 μεν
1084 1961 1171 2006 παρ’
1209 1962 1383 2005 ἑκόντων,
1415 1961 1539 1996 ἔπειτα
1571 1960 1611 1995 δὲ

272 2010 447 2044 τοσούτου
475 2008 562 2044 ὅσου
588 2010 628 2066 εν
654 2016 733 2050 ταῖς
759 2011 997 2055 ἀπογραφαῖς
1022 2009 1223 2054 ἐτετίμητο,
1249 2010 1508 2054 ἀγορασθηναι
1535 2006 1611 2042 ἐκέ-

272 2060 386 2092 λευσε.
437 2056 602 2102 χρήματά
629 2070 664 2092 τε
696 2057 763 2102 γὰρ
791 2057 904 2092 πολλὰ
930 2056 1003 2092 ἀπό
1030 2070 1066 2091 τε
1092 2071 1155 2101 της
1180 2055 1277 2096 λείας
1302 2055 1348 2100 ἣν
1374 2056 1391 2091 ὁ
1419 2055 1614 2100 Πομπήιος

276 2104 418 2149 ειλήφει
449 2105 511 2138 καὶ
545 2103 617 2138 ἀπὸ
649 2111 720 2138 τῶν
754 2104 880 2148 φόρων
911 2111 982 2139 τῶν
1013 2117 1049 2139 τε
1082 2107 1191 2138 τελῶν
1217 2110 1288 2139 τῶν
1314 2102 1612 2147 προσκαταστάν-

273 2165 346 2186 των
377 2151 558 2195 περιεῖναί
591 2163 716 2196 σφισιν
743 2152 848 2196 ελεγε,
876 2153 937 2186 καὶ
963 2165 1095 2207 χρηναι
1121 2150 1231 2194 αὐτοί,
1263 2150 1325 2185 ἅτε
1352 2152 1414 2185 καὶ
1439 2157 1515 2190 τοῖς
1540 2156 1613 2185 τῶν

274 2201 431 2233 πολιτῶν
457 2199 646 2239 κινδύνοις
670 2198 930 2243 πεπορισμένα,
956 2199 992 2239 ἐς
1018 2199 1151 2238 αυτοὺς
1176 2197 1338 2238 ἐκεινους
1357 2198 1611 2242 ἀναλωθῆναι

274 2246 336 2280 καὶ
362 2244 486 2290 μέντοι
512 2247 574 2280 καὶ
599 2246 683 2286 τοὺς
708 2245 914 2291 γεωνόμους
940 2244 1015 2280 οὐτ’
1042 2244 1196 2290 ὀλίγους,
1223 2245 1310 2279 ὥστε
1331 2246 1393 2279 καὶ
1414 2243 1611 2280 δυναστεία

273 2294 345 2328 τινὶ
378 2292 555 2337 ἐοικέναι,
588 2292 664 2328 οὔτ’
695 2293 730 2335 ἐξ
756 2293 990 2336 ὑπευθύνων,
1017 2292 1104 2327 ώστε
1130 2292 1212 2327 τινὰ
1239 2294 1473 2338 δυσχερᾶναι,
1499 2281 1612 2326 καθι-

274 2352 355 2384 στη,
388 2340 477 2375 ἀλλὰ
510 2347 654 2384 πρῶτον
686 2339 750 2385 μὲν
782 2346 845 2374 τοῦ
879 2352 1032 2385 συχνούς
1063 2354 1126 2384 της
1158 2353 1261 2384 τιμ77ς
1287 2346 1487 2385 μετασχεῖν,
1520 2339 1612 2373 εὔκο-

275 2400 345 2431 σιν,
373 2387 496 2422 ἔπειτα
521 2387 562 2422 δε
588 2401 672 2428 τους
698 2387 1031 2432 ἐπιτηδειοτατοῑς,
1058 2387 1126 2431 πλη
1134 2401 1151 2421 ν
1178 2400 1243 2422 εαι
1246 2400 1321 2421 του
