1638 2600
557 98 656 133 CAP.
685 98 943 132 XXII—XXV.
1346 98 1394 137 17

67 196 278 238 dimittere
304 195 442 249 coepit
469 195 612 236 adulta
644 195 726 236 iam
757 197 891 236 aetate
923 208 1111 248 puerum.
1173 192 1232 234 At
1259 193 1400 247 regius

67 261 231 302 animus
270 258 502 313 disciplinis
541 259 824 300 fallacissimis
863 259 1070 312 eruditus,
1111 272 1162 299 ne
1201 272 1225 298 a
1262 257 1400 312 gentis

67 338 165 366 suae
196 323 385 364 moribus
412 322 700 377 degeneraret,
731 323 836 363 flens
863 337 982 363 orare
1009 324 1156 363 contra
1182 320 1399 363 Caesarem

67 387 221 442 coepit,
253 402 305 428 ne
331 401 375 428 se
401 386 650 428 dimitteret:
683 402 767 428 non
793 388 905 427 enim
938 387 1019 427 sibi
1052 400 1230 441 regnum
1260 385 1400 439 ipsum

67 454 292 506 conspectu
331 450 520 492 Caesaris
559 467 648 493 esse
686 451 920 492 iucundius.
984 450 1246 504 Compressis
1280 450 1400 504 pueri

66 517 250 559 lacrimis
289 515 441 557 Caesar
479 517 567 570 ipse
607 518 841 558 commotus
881 515 1090 568 celeriter,
1128 515 1163 555 si
1201 514 1274 555 illa
1311 528 1400 555 sen-

65 582 185 635 tiret,
233 581 323 622 fore
367 595 463 622 eum
512 595 654 622 secum
704 580 930 621 adfirmans
980 579 1033 620 ad
1087 594 1185 620 suos
1230 578 1400 619 dimisit.

65 644 163 699 Ille,
209 648 257 686 ut
303 660 354 686 ex
400 646 636 687 carceribus
679 645 723 686 in
766 644 946 685 liberum
998 658 1167 684 cursum
1211 644 1402 695 emissus,

66 710 168 751 adeo
200 713 347 751 contra
379 709 598 751 Caesarem
631 710 781 750 acriter
812 709 971 750 bellum
997 722 1141 763 gerere
1174 708 1323 761 coepit,
1353 710 1402 747 ut

65 774 272 828 lacrimas,
304 789 408 828 quas
442 775 485 815 in
517 774 741 828 conloquio
772 773 1026 827 proiecerat,
1059 772 1212 827 gaudio
1244 772 1400 813 videre-

65 841 136 880 tur
172 838 422 892 profudisse.
484 837 700 879 Accidisse
737 837 817 879 hoc
856 837 1091 891 complures
1125 835 1314 878 Caesaris
1345 836 1400 877 le-

66 903 172 959 gati,
210 902 352 956 amici,
391 902 656 944 centuriones
688 902 929 956 militesque
966 901 1251 955 laetabantur,
1289 900 1402 954 quod

65 968 197 1010 nimia
233 967 402 1008 bonitas
441 967 530 1008 eius
566 966 746 1008 fallaciis
783 966 903 1020 pueri
941 966 1059 1006 elusa
1090 968 1210 1007 esset.
1272 964 1402 1014 Quasi

64 1047 164 1074 vero
196 1032 239 1073 id
272 1031 426 1073 Caesar
456 1032 644 1074 bonitate
676 1034 842 1072 tantum
876 1031 1080 1072 adductus
1113 1045 1159 1072 ac
1190 1045 1275 1072 non
1305 1044 1401 1084 pru-

65 1097 314 1139 dentissimo
348 1096 524 1138 consilio
555 1096 735 1137 fecisset.

153 1160 285 1202 XXV.
338 1160 443 1201 Cum
482 1161 584 1202 duce
624 1161 846 1214 adsumpto
878 1159 1155 1201 Alexandrini
1190 1159 1324 1200 nihilo
1357 1174 1401 1200 se

64 1226 272 1266 firmiores
304 1225 439 1265 factos
473 1228 546 1265 aut
578 1224 864 1279 languidiores
897 1224 1111 1265 Romanos
1144 1224 1401 1265 animadver-

64 1292 202 1331 terent
245 1288 599 1342 eludentibusque
643 1289 852 1330 militibus
896 1289 1007 1343 regis
1052 1291 1232 1330 aetatem
1276 1291 1401 1342 atque

65 1353 356 1395 infirmitatem
406 1366 609 1407 magnum
659 1352 845 1394 dolorem
896 1353 1130 1406 acciperent
1179 1367 1314 1406 neque
1357 1366 1401 1393 se

66 1418 291 1472 quicquam
340 1417 544 1470 proficere
593 1416 806 1471 viderent,
855 1431 1129 1470 rumoresque
1173 1416 1402 1457 existerent

67 1497 222 1538 magna
248 1480 415 1523 Caesari
446 1481 657 1536 praesidia
686 1482 876 1522 terrestri
907 1482 1057 1522 itinere
1083 1495 1131 1522 ex
1157 1479 1280 1534 Syria
1306 1479 1401 1521 Cili·

65 1548 213 1602 ciaque
260 1546 429 1600 adduci,
473 1546 587 1600 quod
628 1547 816 1587 nondum
860 1546 1050 1586 auditum
1092 1543 1259 1585 Caesari
1302 1547 1402 1597 erat,

66 1613 367 1664 commeatum,
406 1611 477 1665 qui
517 1611 623 1652 mari
662 1611 820 1652 nostris
852 1610 1199 1664 subportabatur,
1237 1609 1401 1650 interci-

66 1691 164 1731 pere
189 1678 441 1717 statuerunt.
492 1674 642 1730 Itaque
669 1676 875 1730 expeditis
902 1675 1084 1730 navigiis
1109 1674 1213 1716 locis
1240 1674 1401 1715 idoneis

65 1741 120 1782 ad
150 1739 368 1794 Canopum
400 1740 444 1781 in
476 1740 658 1781 statione
692 1740 909 1794 dispositis
940 1740 1118 1781 navibus
1150 1738 1402 1780 insidiaban-

67 1808 137 1847 tur
167 1804 323 1846 nostris
350 1807 674 1858 commeatuque.
726 1804 848 1854 Quod
872 1804 946 1845 ubi
967 1803 1135 1845 Caesari
1160 1803 1401 1844 nuntiatum

69 1872 148 1924 est,
190 1870 431 1911 universam
470 1870 646 1911 classem
687 1869 805 1911 iubet
845 1868 1030 1922 expediri
1073 1870 1199 1921 atque
1237 1867 1400 1907 instrui.

67 1927 264 1975 Praeficit
302 1933 403 1976 huic
441 1934 659 1976 Tiberium
698 1933 924 1977 Neronem.
990 1932 1322 1974 Proficiscuntur
1358 1932 1401 1972 in

3 2051 5 2054 .
67 2013 117 2039 ea
147 1998 279 2040 classe
305 1998 497 2040 Rhodiae
529 2013 657 2040 naves
690 2001 815 2053 atque
847 1998 891 2039 in
921 1997 989 2038 his
1014 1997 1282 2051 Euphranor,
1313 1995 1402 2035 sine

68 2077 151 2117 quo
176 2063 293 2104 nulla
317 2079 519 2118 umquam
545 2063 760 2105 dimicatio
786 2062 1058 2103 marituma..
1076 2095 1101 2115 .,
1131 2060 1249 2101 nulla
1274 2059 1400 2100 etiam

1428 589 1447 619 υἱ

68 2142 217 2181 parum
253 2128 433 2170 feliciter
464 2129 654 2170 confecta
691 2130 790 2170 erat.
852 2125 912 2167 At
942 2125 1146 2178 Fortuna,
1180 2138 1285 2178 quae
1316 2123 1400 2177 ple-
1426 2137 1448 2166 4

69 2205 245 2246 rumque
283 2207 371 2247 eos,
409 2207 514 2247 quos
546 2192 741 2247 plurimis
773 2190 990 2232 beneficiis
1023 2190 1205 2242 ornavit,
1246 2188 1298 2228 ad
1330 2188 1400 2229 du-

68 2255 222 2297 riorem
242 2271 384 2298 casum
403 2260 601 2311 reservat,
627 2257 892 2311 superiorum
917 2258 1157 2308 temporum
1183 2253 1400 2294 dissimilis

69 2318 390 2374 Euphranorem
420 2321 764 2376 prosequebatur.
826 2320 938 2362 Nam
971 2334 1065 2360 cum
1100 2318 1152 2359 ad
1184 2317 1400 2372 Canopum

141 2395 169 2420 c.
190 2396 325 2422 remus
347 2395 510 2422 CAESAR.
548 2397 604 2422 111.
1169 2390 1188 2419 2

1428 2331 1447 2359 5
