1638 2600
475 85 575 121 CAP.
601 85 962 121 XXXVII—XXXX.
1336 88 1358 127 7
1367 88 1387 127 1

0 214 5 220 .
59 181 389 224 adversariorum
426 181 558 235 copiis
596 181 767 223 moveri.
828 180 919 223 Iam
958 196 1054 223 cum
1092 196 1176 224 non
1210 182 1391 236 amplius
1418 194 1437 223 ‘2

58 259 202 302 passus
239 257 306 287 MD
347 245 459 286 inter
500 244 691 286 hostium
735 246 867 287 aciem
911 261 1091 301 suasque
1134 247 1392 288 munitiones

0 334 12 341 1-
58 324 146 353 esse
191 310 557 351 animadvertisset
601 309 964 364 intellexissetque
1008 311 1059 351 ad
1103 311 1391 365 impediendos

0 387 3 413 :
58 374 209 418 milites
247 389 346 416 suos
383 376 425 415 et
463 374 514 415 ab
554 389 677 430 opere
718 374 987 429 depellendos
1018 375 1184 417 hostem
1216 376 1391 430 propius

58 439 245 483 accedere
287 454 540 494 necesseque
576 440 751 481 haberet
790 439 980 494 legiones
1018 455 1042 481 a
1083 441 1392 482 munitionibus

0 505 11 544 ,“
57 503 272 558 deducere,
315 503 511 558 imperat,
553 507 716 545 turmae
752 503 1042 558 Hispanorum
1080 508 1129 546 ut
1166 506 1218 547 ad
1254 506 1392 560 proxi-

57 583 172 612 mum
210 568 357 610 collem
394 583 572 622 propere
617 572 882 610 accurrerent
918 570 1258 625 praesidiumque
1296 570 1391 611 inde

0 633 4 639 '
56 631 325 675 deturbarent
354 632 579 687 locumque
621 635 833 687 caperent,
871 633 1101 688 eodemque
1138 635 1257 676 iubet
1285 634 1392 676 levis

0 734 2 738 ,
56 699 290 740 armaturae
328 711 484 751 paucos
524 697 723 752 consequi
761 697 961 738 subsidio.
1025 696 1107 746 Qui
1137 698 1258 739 missi
1290 698 1391 739 cele·
1417 708 1438 739 3

54 761 158 804 riter
187 759 394 802 Numidas
427 761 563 802 adorti
594 762 750 816 partim
780 762 900 803 vivos
939 762 1128 816 capiunt,
1164 763 1391 804 nonnullos

55 826 218 881 equites
250 825 460 880 fugientes
493 826 900 868 convulneraverunt
953 824 1132 879 locoque
1185 829 1286 866 sunt
1320 839 1392 879 po-

53 890 133 933 titi.
182 888 414 944 Postquam
446 889 489 930 id
520 889 732 931 Labienus
767 889 1076 944 animadvertit,
1108 904 1190 944 quo
1217 889 1393 931 celerius
1417 902 1439 931 4

53 955 106 998 iis
126 953 332 995 auxilium
354 954 495 1008 ferret,
521 968 572 995 ex
592 955 678 996 acie
699 955 907 996 instructa
932 955 1145 1009 equitatus
1171 955 1237 996 sui
1261 969 1393 1009 prope

53 1022 191 1062 totum
229 1018 423 1059 dextrum
461 1032 592 1059 cornu
632 1019 786 1060 avertit
829 1021 955 1073 atque
999 1019 1087 1060 suis
1129 1019 1392 1074 fugientibus

0 1111 6 1117 ·
53 1083 268 1139 suppetias
305 1083 366 1124 ire
404 1082 631 1124 contendit.
700 1082 821 1132 Quod
858 1083 931 1124 ubi
970 1082 1122 1125 Caesar
1161 1084 1393 1138 conspexit,
1418 1095 1437 1125 5

52 1148 285 1192 Labienum
335 1147 386 1188 ab
438 1147 525 1188 suis
575 1147 707 1202 copiis
763 1147 932 1203 longius
987 1149 1072 1189 iam
1129 1148 1392 1203 abscessisse,

53 1213 265 1269 equitatus
298 1212 364 1253 sui
396 1210 506 1252 alam
541 1211 757 1253 sinistram
788 1212 841 1252 ad
871 1212 1212 1254 intercludendos
1247 1212 1392 1254 hostes

52 1277 239 1320 immisit.

138 1340 310 1383 XXXX.
371 1340 479 1381 Erat
510 1340 553 1381 in
586 1355 634 1382 eo
666 1355 833 1396 campo,
870 1341 945 1382 ubi
980 1355 1028 1382 ea
1057 1355 1124 1382 res
1156 1331 1392 1395 gerebatur,
1420 1354 1436 1383 1

51 1406 153 1449 villa
196 1419 427 1460 permagna
469 1404 659 1446 turribus
701 1417 750 1446 IV
792 1406 1018 1460 instructa3
1068 1419 1174 1459 quae
1215 1405 1393 1446 Labieni

0 1490 2 1513 ψ
51 1472 321 1527 prospectum
357 1469 631 1524 impediebat,
674 1484 726 1510 ne
762 1471 909 1524 posset
948 1469 1137 1510 animum
1176 1469 1391 1510 advertere

0 1564 1 1570 κ
52 1535 104 1578 ab
135 1535 326 1590 equitatu
358 1533 546 1575 Caesaris
585 1548 629 1575 se
666 1534 902 1575 intercludi.
963 1532 1113 1588 Itaque
1151 1548 1236 1574 non
1272 1534 1391 1588 prius
1417 1547 1436 1577 2

51 1600 156 1643 vidit
186 1602 349 1641 turmas
372 1598 570 1653 Iulianas,
603 1612 729 1653 quam
762 1612 861 1639 suos
894 1598 1009 1639 caedi
1042 1613 1066 1638 a
1097 1600 1217 1653 tergo
1250 1598 1413 1654 sentit.-

50 1663 118 1707 Ex
166 1679 249 1719 qua
295 1678 341 1705 re
390 1663 532 1705 subito
581 1663 625 1704 in
680 1666 885 1705 terrorem
943 1677 1144 1704 converso
1200 1664 1392 1717 equitatu

49 1727 336 1772 Numidarum
378 1731 493 1770 recta
536 1729 580 1769 in
624 1731 761 1769 castra
802 1727 948 1782 fugere
986 1727 1212 1768 contendit.
1281 1726 1392 1768 Galli
1417 1738 1438 1768 3

54 1792 344 1848 Germanique,
377 1793 451 1848 qui
480 1793 737 1847 restiterant,
769 1807 822 1834 ex
852 1791 1068 1845 superiore
1098 1791 1191 1833 loco
1225 1794 1267 1833 et
1294 1795 1392 1846 post

51 1859 216 1913 tergum
248 1858 524 1900 circumventi
554 1857 807 1911 fortiterque
838 1856 1083 1898 resistentes
1113 1857 1392 1898 conciduntur

51 1922 244 1964 universi.
295 1921 417 1972 Quod
442 1922 516 1963 ubi
540 1921 730 1976 legiones
759 1920 980 1975 ScipioniS,
1007 1935 1113 1975 quae
1138 1935 1215 1975 pro
1242 1922 1391 1962 castris
1416 1932 1437 1961 4

53 1989 169 2028 erant
199 1986 442 2041 instructae,
475 1986 663 2027 animum
695 1986 979 2039 adverterunt,
1009 1987 1126 2026 metu
1159 2000 1206 2027 ac
1231 1989 1390 2026 terrore

53 2050 295 2092 obcaecatae
327 2051 524 2093 omnibus
554 2051 690 2105 portis
722 2051 768 2092 in
800 2065 876 2092 sua
907 2053 1044 2092 castra
1074 2050 1221 2105 fugere
1248 2064 1390 2103 coepe-

51 2118 159 2157 runt.
218 2114 451 2170 Postquam
484 2114 680 2169 Scipione
712 2116 886 2170 eiusque
919 2115 1051 2169 copiis
1090 2128 1236 2168 campo
1277 2113 1389 2154 colli-
1416 2125 1436 2155 5

52 2177 211 2234 busque
248 2181 482 2221 exturbatis
520 2184 646 2234 atque
683 2180 727 2221 in
770 2182 907 2221 castra
941 2179 1170 2233 compulsis
1203 2192 1297 2219 cum
1330 2192 1390 2219 re·

52 2245 189 2298 ceptui
215 2243 365 2286 Caesar
391 2245 484 2286 cani
509 2245 702 2286 iussisset
728 2244 1049 2299 equitatumque
1079 2257 1246 2284 omnem
1277 2242 1390 2283 intra

0 2320 5 2343 '-
51 2320 146 2348 suas
166 2309 424 2350 munitiones
444 2309 682 2363 recepisset,
709 2323 856 2363 campo
882 2310 1063 2362 purgato
1092 2307 1389 2348 animadvertit
