1669 2574
184 106 267 147 108
577 106 772 140 BELLUM
798 105 1129 142 HISPANIENSE.

179 203 343 257 potitus
371 206 493 257 esset,
521 201 731 255 simulque
759 201 871 255 quod
898 201 1143 257 tabellariis,
1170 204 1243 258 qui
1264 219 1287 245 a
1308 203 1380 245 Cn.
1400 203 1524 245 Pom-

179 268 274 322 peio
326 267 521 321 dispositi
572 266 769 307 omnibus
818 266 923 307 locis
974 270 1131 322 essent,
1182 269 1254 323 qui
1299 269 1522 310 certiorem

181 332 252 374 Cn.
273 332 524 386 Pompeium
552 331 601 371 de
628 329 818 371 Caesaris
845 331 1028 372 adventu
1056 331 1243 374 facerent
1267 368 1273 373 .
1297 368 1302 374 .
1326 368 1332 373 .
1356 367 1362 373 .
1386 333 1524 374 multa

133 407 152 437 2
180 400 397 450 praeterea
433 395 683 437 verisimilia
720 395 1025 449 proponebant.
1090 395 1253 446 Quibus
1291 399 1417 439 rebus
1456 397 1523 438 ad-

181 462 343 515 ductus,
376 475 482 515 quos
513 460 677 516 legatos
711 463 807 501 ante
840 460 1043 502 exercitui
1076 461 1345 516 praefecerat,
1375 461 1421 511 Q.
1448 461 1523 503 Pe-

181 526 295 566 dium
335 528 376 566 et
416 524 462 574 Q.
494 524 674 566 Fabium
712 524 961 566 Maxumum
1000 525 1049 566 de
1088 540 1163 566 suo
1203 527 1384 568 adventu
1422 527 1527 568 facit

181 591 393 644 certiores,
422 593 553 644 utque
579 591 661 632 sibi
688 590 916 644 equitatus,
944 590 1017 644 qui
1044 604 1094 630 ex
1119 591 1337 644 provincia
1361 591 1525 646 fuisset,

132 666 151 696 3
178 655 389 709 praesidio
428 659 548 697 esset.
610 655 677 696 Ad
716 670 822 710 quos
859 655 1054 708 celerius,
1088 669 1214 709 quam
1247 656 1329 710 ipsi
1361 657 1523 711 opinati

135 861 151 890 1

180 723 296 774 sunt,
328 720 686 775 adpropinquavit
716 735 870 775 neque,
903 722 952 761 ut
984 719 1074 773 ipse
1106 719 1254 774 voluit,
1288 721 1524 775 equitatum

181 785 262 827 sibi
294 785 506 839 praesidio
537 785 700 827 habuit.

269 849 344 892 III.
418 850 526 891 Erat
570 851 681 892 idem
725 850 931 904 temporis
977 849 1070 891 Sex.
1109 849 1339 904 Pompeius
1383 850 1525 906 frater,

181 915 252 969 qui
287 929 381 956 cum
420 915 632 969 praesidio
666 914 906 956 Cordubam
938 914 1127 969 tenebat,
1167 915 1279 969 quod
1312 915 1401 957 eius
1432 931 1524 969 pro-

180 980 342 1021 vinciae
375 983 503 1034 caput
534 994 624 1021 esse
650 980 992 1034 existimabatur3
1024 979 1114 1033 ipse
1142 981 1283 1020 autem
1311 978 1382 1020 Cn.
1403 979 1525 1021 Pom-

180 1045 299 1098 peius
341 1045 586 1086 adulescens
623 1044 766 1086 Uliam
806 1045 1009 1099 oppidum
1049 1044 1324 1099 oppugnabat
1362 1047 1404 1086 et
1439 1045 1526 1087 fere

180 1110 264 1150 iam
297 1110 461 1164 aliquot
491 1110 710 1151 mensibus
741 1110 801 1151 ibi
834 1109 1112 1151 detinebatur.
1167 1109 1259 1159 Quo
1292 1124 1343 1150 ex
1370 1110 1526 1164 oppido

180 1175 352 1231 cognito
374 1173 565 1216 Caesaris
592 1175 774 1216 adventu
797 1175 929 1230 legati
950 1174 1058 1216 clam
1079 1175 1290 1229 praesidia
1310 1173 1382 1216 Cn.
1403 1174 1526 1216 Pom-

180 1240 248 1294 pei
281 1238 502 1281 Caesarem
536 1254 631 1281 cum
664 1240 868 1295 adissent,
899 1243 1043 1294 petere
1077 1242 1318 1294 coeperunt,
1349 1240 1413 1281 uti
1444 1240 1526 1281 sibi

180 1305 317 1359 primo
350 1320 518 1359 quoque
550 1308 740 1359 tempore
773 1305 1009 1346 subsidium
1040 1305 1242 1347 mitteret.
1292 1304 1445 1346 Caesar
1471 1330 1525 1334 —

181 1384 272 1410 eam
300 1370 513 1411 civitatem
542 1370 656 1411 omni
686 1373 876 1424 tempore
897 1370 1056 1424 optime
1079 1369 1128 1410 de
1153 1369 1312 1424 populo
1332 1369 1526 1410 Romano

181 1435 376 1476 meritam
421 1450 512 1476 esse
653 1461 706 1464 —
752 1435 944 1477 celeriter
988 1450 1061 1476 sex
1107 1434 1302 1476 cohortes
1344 1435 1527 1477 secunda

181 1500 330 1555 vigilia
366 1500 485 1541 iubet
521 1500 750 1555 proficisci,
789 1501 880 1554 pari
919 1500 1081 1554 equites
1113 1514 1300 1541 numero.
1363 1499 1527 1550 Quibus

181 1565 385 1620 praefecit
403 1565 618 1606 hominem
641 1565 730 1606 eius
757 1565 998 1619 provinciae
1024 1567 1173 1605 notum
1200 1567 1242 1606 et
1266 1580 1351 1605 non
1376 1580 1527 1619 parum

182 1631 398 1685 scientem,
422 1630 468 1671 L.
489 1629 666 1671 Vibium
692 1629 952 1671 Paciaecum.
997 1629 1078 1679 Qui
1105 1644 1199 1671 cum
1227 1630 1279 1671 ad
1305 1629 1377 1671 Cn.
1404 1630 1527 1671 Pom-

181 1696 251 1750 pei
282 1695 492 1749 praesidia
523 1695 726 1749 venisset,
764 1695 914 1736 incidit
946 1695 1055 1735 idem
1088 1696 1310 1750 temporis,
1345 1698 1393 1736 ut
1424 1698 1527 1737 tem—

181 1763 345 1815 pestate
377 1760 552 1801 adversa
583 1759 908 1814 vehementique
940 1763 1066 1801 vento
1101 1759 1405 1815 adflictaretur3
1443 1760 1527 1801 adi-

181 1828 335 1879 tusque
361 1826 426 1866 vis
452 1825 718 1880 tempestatis
745 1825 805 1865 ita
831 1825 1098 1879 obscurabat,
1123 1827 1171 1866 ut
1190 1825 1261 1865 vix
1284 1825 1525 1879 proximum

182 1890 438 1945 adgnoscere
458 1893 643 1944 possent.
678 1889 808 1931 Cuius
837 1890 1153 1931 incommodum
1180 1904 1388 1931 summam
1413 1889 1525 1930 utili-

182 1958 314 1996 tatem
340 1955 444 2009 ipsis
469 1955 709 2009 praebebat.
742 1953 808 1995 Ita
831 1970 925 1996 cum
953 1955 1005 1995 ad
1031 1969 1127 1996 eum
1147 1954 1287 1996 locum
1308 1958 1526 2009 venerunt,

182 2020 301 2061 iubet
337 2020 462 2061 binos
500 2020 662 2074 equites
701 2020 997 2074 conscendere,
1042 2023 1084 2061 et
1121 2022 1236 2061 recta
1272 2034 1346 2073 per
1384 2019 1525 2061 adver-

184 2085 391 2126 sariorum
423 2084 633 2138 praesidia
662 2084 712 2124 ad
739 2084 941 2138 oppidum
969 2085 1239 2126 contendunt.
1289 2083 1526 2139 Mediisque

183 2165 327 2191 eorum
372 2149 594 2204 praesidiis
640 2164 733 2189 cum
779 2152 936 2203 essent,
981 2164 1075 2190 cum
1121 2151 1408 2203 quaereretur,
1452 2150 1525 2203 qui

183 2217 341 2269 essent,
385 2228 494 2255 unus
540 2229 589 2255 ex
628 2214 785 2254 nostris
824 2213 1058 2268 respondit,
1102 2216 1150 2254 ut
1188 2213 1311 2254 sileat
1348 2214 1524 2255 verbum

182 2280 335 2321 facere:
378 2293 476 2320 nam
521 2279 563 2320 id
600 2279 803 2333 temporis
844 2279 983 2320 conari
1023 2278 1074 2319 ad
1113 2293 1279 2319 murum
1320 2279 1525 2333 accedere,

182 2348 230 2385 ut
273 2344 475 2398 oppidum
520 2343 704 2398 capiant,
754 2346 796 2385 et
842 2343 998 2397 partim
1050 2346 1301 2397 tempestate
1346 2343 1524 2398 inpediti
