1638 2600
508 87 608 123 CAP.
634 88 902 124 LIIII—LVIII.
1319 89 1370 130 81

40 183 282 238 loquentem
313 183 520 225 viderunt.
571 183 712 238 Scipio
744 185 881 225 mittit
912 184 964 225 ad
989 183 1236 239 Aquinium,
1267 184 1374 225 nihil
1400 196 1419 225 Ξ.)

40 247 227 290 adtinere
266 262 361 289 eum
400 262 495 289 cum
534 248 784 290 adversariis
822 249 1030 303 conloqui.
1098 248 1202 290 Cum
1240 248 1373 290 nihilo

41 312 179 356 minus
218 312 308 353 eius
348 327 583 354 sermonem
625 313 799 354 nuntius
838 313 889 354 ad
923 311 1154 366 Scipionem
1189 313 1375 365 referret,

40 376 113 418 sed
136 376 167 430 †
192 378 362 430 restare,
394 379 442 417 ut
468 376 642 432 reliqua,
674 391 780 432 quae
806 377 946 431 vellet,
976 380 1207 433 perageret,
1237 378 1375 419 viator

40 442 257 496 praeterea
288 440 339 481 ab
371 439 477 481 Iuba
509 441 560 481 ad
592 456 687 482 eum
720 444 785 482 est
815 441 982 496 missus,
1014 443 1087 496 qui
1119 442 1276 484 diceret
1306 456 1374 482 au-

41 504 178 546 diente
212 503 408 545 Saserna:
448 504 599 547 ‘Vetat
629 509 670 547 te
702 521 777 547 rex
809 506 1040 560 conloqui'.
1102 506 1194 556 Quo
1225 506 1374 547 nuntio
1401 517 1420 546 3

40 568 289 625 perterritus
329 568 523 610 discessit
560 573 602 611 et
640 570 752 611 dicto
791 569 964 610 audiens
1001 570 1084 610 fuit
1121 570 1222 624 regi.
1283 569 1376 611 Usu

39 632 204 675 venisse
229 632 310 674 hoc
337 633 418 674 civi
437 634 631 675 Romano
657 637 699 676 et
730 634 781 689 ei,
812 634 885 688 qui
916 634 968 675 ab
1000 634 1157 688 populo
1183 634 1376 675 Romano

40 697 221 740 honores
261 698 507 753 accepisset,
546 699 748 740 incolumi
778 698 917 753 patria
946 698 1214 753 fortunisque
1246 698 1377 739 omni-

40 761 119 803 bus
144 760 273 802 Iubae
300 762 478 803 barbaro
504 763 646 816 potius
668 763 958 804 oboedientem
984 763 1126 817 fuisse,
1153 778 1279 816 quam
1305 765 1378 803 aut

42 824 253 880 Scipionis
286 826 599 880 obtemperasse
630 828 780 869 nuntio
812 830 885 868 aut
911 827 1042 868 caesis
1068 827 1255 868 eiusdem
1286 841 1377 881 par·

40 891 97 932 tis
128 890 291 932 civibus
323 891 577 932 incolumem
609 892 763 933 reverti
793 890 936 932 malle!
976 890 1119 946 Atque
1151 891 1279 932 etiam
1311 905 1376 932 su·
1402 903 1424 932 4

0 1005 2 1014 ‚
40 955 212 1010 perbius
243 954 372 997 Iubae
404 956 563 997 factum
595 971 679 997 non
712 956 756 997 in
787 955 842 997 M.
874 954 1127 1010 Aquinium,
1160 955 1376 996 hominem

41 1034 198 1062 novum
235 1034 497 1074 parvumque
530 1023 785 1075 senatorem,
823 1020 896 1062 sed
934 1021 977 1061 in
1011 1019 1268 1074 Scipionem,
1305 1019 1377 1060 ho-

0 1125 2 1142 }
41 1084 198 1126 minem
230 1083 304 1124 illa
334 1084 514 1139 familia,
553 1085 778 1140 dignitate,
817 1084 1050 1126 honoribus
1081 1087 1378 1138 praestantem.

0 1198 2 1210 Ι
41 1147 236 1202 Namque
262 1163 357 1189 cum
385 1148 526 1203 Scipio
553 1149 700 1204 sagulo
729 1164 942 1203 purpureo
969 1152 1065 1190 ante
1090 1150 1202 1204 regis
1229 1149 1377 1190 adven·
1405 1160 1424 1190 5

43 1215 133 1254 tum
164 1213 228 1253 uti
260 1212 412 1254 solitus
444 1216 566 1268 esset,
598 1214 755 1255 dicitur
780 1213 886 1254 Iuba
911 1228 1006 1255 cum
1033 1228 1081 1255 eo
1114 1214 1263 1268 egisse,
1294 1228 1378 1255 non

0 1271 2 1275 ’
43 1279 235 1331 oportere
268 1277 389 1318 illum
421 1278 567 1318 eodem
598 1280 660 1320 uta·
690 1278 865 1332 vestitu,
897 1281 1024 1332 atque
1056 1278 1146 1332 ipse
1177 1281 1377 1319 uteretur.

0 1335 2 1383 J
43 1339 190 1395 Itaque
227 1341 387 1383 factum
420 1345 501 1396 est,
542 1345 590 1383 ut
622 1342 763 1397 Scipio
796 1342 849 1383 ad
881 1341 1023 1383 album
1055 1358 1145 1384 sese
1176 1343 1378 1384 vestitum
1405 1354 1424 1384 6

0 1399 2 1458 J
43 1406 289 1448 transferret
320 1409 362 1447 et
396 1405 538 1461 Iubae,
569 1406 733 1448 homini
759 1406 1063 1460 superbissimo
1096 1407 1378 1461 ineptissimo-

0 1516 2 1522 ,
44 1485 136 1526 que,
167 1471 489 1525 obtemperaret.

130 1534 284 1577 LVIII.
339 1535 517 1577 Postero
556 1536 622 1577 die
663 1536 880 1578 universas
919 1535 1109 1577 omnium
1148 1536 1290 1590 copias
1330 1536 1379 1577 de
1408 1547 1424 1576 1

0 1591 2 1652 ἶ
45 1600 192 1642 castris
231 1600 427 1641 omnibus
466 1600 651 1641 educunt
682 1603 724 1641 et
762 1600 1035 1654 supercilium
1067 1600 1279 1654 quoddam
1313 1615 1380 1641 ex-

0 1711 3 1718 ·
45 1664 201 1706 celsum
233 1665 346 1706 nacti
376 1679 463 1705 non
500 1664 626 1720 longe
658 1679 682 1705 a
713 1664 902 1706 Caesaris
935 1664 1085 1706 castris
1121 1665 1253 1706 aciem
1286 1679 1379 1706 con-

46 1729 229 1770 stituunt
266 1732 392 1784 atque
436 1729 496 1770 ibi
534 1729 785 1774 consistunt,
854 1728 1005 1771 Caesar
1044 1730 1147 1771 item
1186 1729 1382 1783 producit
1408 1741 1427 1770 2

0 1784 4 1824 Ῐ
46 1794 186 1848 copias
213 1793 486 1848 celeriterque
518 1793 571 1834 iis
603 1793 823 1835 instructis
856 1797 952 1835 ante
984 1808 1080 1835 suas
1111 1794 1382 1848 munitiones,

0 1881 3 1889 ·
48 1872 151 1913 quae
177 1861 296 1900 erant
321 1858 365 1899 in
392 1872 552 1912 campo,
585 1858 818 1912 constituit,
850 1859 940 1900 sine
973 1858 1101 1900 dubio
1133 1858 1382 1900 existimans

0 1969 4 1976 ,
46 1921 158 1964 ultro
190 1923 468 1977 adversarios,
507 1937 602 1964 cum
639 1926 727 1963 tam
764 1923 931 1978 magnis
964 1923 1096 1977 copiis
1129 1923 1382 1977 auxiliisque

0 2035 4 2041 ⁵
48 1987 157 2042 regis
189 1989 329 2029 essent
359 1987 539 2041 praediti
577 1988 900 2042 promptiusque
932 1987 1248 2042 prosiluissent,
1287 1990 1382 2027 ante

0 2098 4 2104 ¹
48 2065 92 2092 se
131 2066 407 2093 concursuros
447 2052 706 2106 propiusque
748 2067 791 2093 se
830 2067 1081 2094 accessuros.
1143 2052 1267 2106 Equo
1307 2052 1381 2092 cir·
1408 2062 1428 2092 3

8 2166 10 2175 Ι
50 2119 288 2158 cumvectus
319 2117 592 2172 legionesque
619 2116 865 2158 cohortatus
894 2117 1016 2172 signo
1044 2117 1142 2158 dato
1170 2130 1383 2157 accessum

7 2180 11 2240 J
48 2178 235 2222 hostium
267 2181 566 2235 aucupabatur.
622 2179 719 2235 Ipse
751 2182 863 2222 enim
895 2197 919 2222 a
949 2182 1037 2223 suis
1071 2180 1382 2222 munitionibus
1409 2191 1430 2221 4

7 2249 10 2256 ⁴
48 2243 216 2300 longius
236 2260 322 2287 non
342 2246 431 2287 sine
451 2247 614 2287 ratione
633 2260 716 2287 non
739 2246 1004 2301 procedebat,
1032 2246 1143 2300 quod
1163 2245 1206 2285 in
1227 2244 1382 2298 oppido

13 2322 16 2346 t
49 2305 214 2363 Uzitae,
252 2309 365 2364 quod
396 2308 536 2364 Scipio
575 2310 763 2364 tenebat,
803 2310 992 2352 hostium
1031 2312 1150 2352 erant
1187 2309 1382 2350 cohortes

123 2383 153 2409 c.
173 2384 310 2410 nimus
332 2383 495 2410 CAESAR.
531 2386 588 2410 111.
1153 2382 1173 2412 6
