1638 2600
592 75 690 111 CAP.
717 76 863 111 H--VL
1335 77 1388 117 51

0 210 5 218 ,
115 170 212 213 1111.
273 171 318 212 L.
355 171 536 213 Plancus
577 172 747 213 interim
790 171 955 226 legatus
999 172 1108 226 petit
1144 186 1168 212 a
1206 170 1392 225 Caesare,
1420 183 1436 213 1

0 251 4 279 ι
59 236 121 278 uti
164 236 245 277 sibi
289 236 406 277 daret
447 239 702 289 potestatem
751 251 846 277 cum
892 235 1089 278 Considio
1140 236 1307 291 agendi,
1356 236 1391 276 si

0 327 4 332 -
57 303 200 357 posset
242 299 384 354 aliqua
425 301 587 342 ratione
630 300 802 355 perduci
847 300 898 341 ad
942 301 1176 342 sanitatem.
1244 299 1391 354 Itaque
1418 311 1438 341 2

0 392 4 398 ·
58 364 154 406 data
183 363 382 405 facultate
406 363 569 405 litteras
597 364 824 406 conscribit
849 367 892 405 et
917 379 986 405 eas
1013 365 1180 419 captivo
1206 364 1277 405 dat
1302 379 1392 419 per-

57 428 246 472 ferendas
284 429 327 469 in
365 428 569 483 oppidum
609 429 660 470 ad
692 428 949 470 Considium.
1012 428 1104 478 Quo
1137 429 1392 483 simulatque
1418 439 1438 469 3

0 513 2 537 ι
57 493 246 548 captivus
278 507 373 534 cum
410 494 671 547 pervenisset
710 493 976 547 litterasque,
1012 496 1062 534 ut
1099 497 1188 535 erat
1223 493 1391 535 manda-

0 586 1 589 =
56 562 158 613 tum,
190 556 388 599 Considio
413 558 629 612 porrigere
656 558 880 612 coepisset,
911 558 1159 612 priusquam
1186 559 1392 612 acciperet

55 622 137 676 ille,
161 620 327 676 ‘Unde',
353 622 503 676 inquit,
530 622 694 664 ‘istasP'
743 621 852 663 Tum
879 622 1088 675 captivus:
1118 620 1391 676 ‘Imperatore

55 701 79 728 a
104 685 305 728 Caesare.'
354 685 462 727 Tum
490 685 723 740 Considius,
757 685 893 727 ‘Unus
926 686 1018 740 est',
1049 686 1201 740 inquit,
1233 685 1389 740 ‘Scipio
1415 696 1437 726 4

54 752 283 805 imperator
313 750 395 792 hoc
420 753 608 805 tempore
632 750 781 805 populi
806 750 1022 806 Romani’3
1054 751 1201 792 deinde
1227 751 1271 791 in
1297 765 1390 792 con-

53 817 201 871 spectu
237 829 314 857 suo
355 815 499 856 statim
538 815 750 869 captivum
784 815 965 856 interfici
997 815 1114 856 iubet
1144 814 1391 869 litterasque

52 880 241 922 nondum
281 879 506 934 perlectas,
550 879 659 921 sicut
701 882 821 920 erant
863 879 1072 934 signatae,
1116 879 1187 920 dat
1227 878 1391 921 homini

53 947 168 987 certo
200 943 252 984 ad
285 942 526 998 Scipionem
560 943 837 998 perferendas.

139 1007 191 1050 V.
240 1007 473 1063 Postquam
505 1023 589 1049 una
618 1012 741 1050 nocte
773 1008 834 1063 [et
865 1008 950 1063 die]
984 1009 1036 1050 ad
1067 1009 1269 1063 oppidum
1295 1022 1389 1049 con-

53 1075 223 1128 sumpta
265 1087 402 1127 neque
445 1086 694 1127 responsum
737 1072 871 1114 ullum
913 1088 937 1114 a
975 1071 1174 1114 Considio
1213 1072 1391 1113 dabatur

51 1152 188 1192 neque
220 1137 259 1178 ei
290 1137 477 1191 reliquae
509 1137 653 1191 copiae
690 1138 990 1179 succurrebant
1026 1152 1162 1192 neque
1198 1138 1391 1192 equitatu

51 1202 294 1244 abundabat
337 1204 380 1242 et
427 1201 480 1242 ad
529 1201 731 1255 oppidum
781 1202 1111 1257 oppugnandum
1158 1216 1243 1243 non
1287 1203 1390 1243 satis

51 1267 270 1321 copiarum
301 1265 485 1307 habebat
511 1268 553 1306 et
578 1280 647 1306 eas
673 1265 859 1307 tironum
885 1281 1020 1320 neque
1044 1266 1182 1320 primo
1208 1266 1390 1308 adventu

54 1330 350 1374 convulnerari
387 1330 619 1371 exercitum
651 1329 821 1370 volebat
855 1333 898 1371 et
928 1330 1072 1384 oppidi
1103 1330 1273 1385 egregia
1302 1346 1391 1372 mu-

52 1396 159 1438 nitio
203 1397 246 1437 et
291 1393 477 1435 difficilis
521 1394 574 1435 ad
616 1393 948 1448 oppugnandum
990 1396 1080 1434 erat
1121 1408 1312 1436 accessus
1350 1398 1391 1436 et

50 1459 324 1502 nuntiabatur
371 1457 531 1499 auxilia
573 1471 728 1513 magna
770 1458 985 1512 equitatus
1027 1458 1249 1512 oppidanis
1295 1473 1390 1513 sup-

49 1524 185 1580 petias
227 1523 389 1577 venire,
440 1537 527 1563 non
573 1525 638 1564 est
678 1523 771 1564 visa
812 1523 920 1564 ratio
965 1522 1017 1563 ad
1059 1523 1389 1577 oppugnandum

51 1588 252 1644 oppidum
284 1586 592 1641 commorandi,
629 1601 699 1641 ne,
739 1587 838 1628 dum
869 1586 914 1628 in
945 1601 993 1628 ea
1021 1601 1068 1628 re
1098 1585 1250 1628 Caesar
1279 1591 1390 1629 esset

51 1655 277 1707 occupatus
284 1686 295 1707 ,
333 1652 646 1694 circumventus
684 1665 708 1692 a
741 1654 863 1706 tergo
895 1650 947 1692 ab
979 1650 1170 1705 equitatu
1200 1651 1388 1693 hostium

49 1717 269 1759 laboraret.

136 1781 210 1824 VI.
271 1780 422 1836 Itaque
460 1784 599 1823 castra
635 1795 730 1822 cum
766 1795 936 1822 movere
971 1780 1117 1835 vellet,
1158 1780 1299 1822 subito
1337 1796 1387 1822 ex
1415 1792 1433 1823 1

51 1846 204 1901 oppido
236 1846 377 1900 erupit
407 1845 637 1887 multitudo
669 1848 795 1900 atque
827 1845 1040 1900 equitatus
1079 1845 1268 1886 subsidio
1302 1860 1386 1886 uno

50 1912 237 1965 tempore
276 1911 336 1952 eis
375 1924 474 1951 casu
514 1909 737 1963 succurrit,
781 1910 854 1964 qui
897 1912 987 1951 erat
1028 1909 1184 1951 missus
1223 1924 1247 1950 a
1281 1908 1387 1950 Iuba

0 1992 3 2013 τ
51 1975 101 2016 ad
143 1975 402 2029 stipendium
447 1974 753 2029 accipiendum,
804 1977 1040 2028 castraque,
1082 1974 1192 2015 unde
1236 1973 1387 2015 Caesar

51 2053 242 2095 egressus
274 2039 356 2081 iter
385 2040 522 2081 facere
554 2041 765 2093 coeperat,
803 2041 1009 2093 occupant
1040 2041 1082 2079 et
1113 2039 1202 2080 eius
1235 2052 1385 2093 agmen

51 2107 282 2146 extremum
314 2104 480 2159 insequi
512 2105 750 2158 coeperunt.
813 2102 928 2152 Quae
964 2117 1032 2144 res
1070 2117 1165 2144 cum
1202 2103 1383 2143 animad-
1411 2114 1430 2144 2

49 2183 169 2211 versa
210 2172 337 2224 esset,
381 2170 523 2211 subito
566 2168 790 2224 legionarii
831 2168 1086 2221 consistunt,
1130 2171 1172 2208 et
1209 2168 1384 2221 equites,

51 2246 303 2287 quamquam
335 2236 455 2274 erant
485 2232 620 2287 pauci,
651 2236 792 2274 tamen
825 2234 971 2273 contra
1001 2235 1163 2272 tantam
1194 2231 1382 2272 multitu-

50 2296 188 2338 dinem
221 2297 496 2339 audacissime
528 2300 793 2338 concurrunt.
854 2296 1022 2338 Accidit
1057 2311 1124 2337 res
1163 2296 1381 2337 incredibi-
1408 2308 1428 2337 3

1123 2365 1170 2398 4*
