1669 2574
241 281 263 310 4

242 860 263 889 δ’(

287 111 346 152 90
730 109 926 143 BELLUM
950 109 1173 143 AFRICUM.

290 207 415 247 debat
440 207 567 246 etiam
597 204 701 245 haec
727 218 862 258 causa,
895 204 1007 257 quod
1032 204 1353 258 elephantorum
1373 205 1619 259 magnitudo
1652 221 1653 227 ¹

290 271 602 323 multitudoque
629 269 790 310 animos
816 268 1002 309 militum
1028 268 1242 310 detinebat
1267 270 1311 310 in
1336 272 1505 310 terrore.
1544 268 1620 312 Cui

290 336 365 375 uni
394 335 455 375 rei
480 337 621 374 tamen
646 334 863 375 invenerat
887 333 1137 374 remedium:
1168 348 1350 387 namque
1377 332 1618 387 elephantos
1652 345 1653 379 1

290 414 342 440 ex
383 397 508 439 Italia
550 398 831 452 transportari
874 397 1071 451 iusserat,
1116 412 1197 452 quo
1239 400 1282 439 et
1320 397 1441 438 miles
1480 400 1620 440 noster
1652 401 1653 407 ’

290 463 554 517 speciemque
600 465 641 503 et
683 463 886 503 virtutem
929 461 1088 502 bestiae
1133 464 1421 516 cognosceret,
1471 463 1513 502 et
1555 462 1622 504 cui
1646 495 1653 515 s

289 528 402 581 parti
434 527 620 581 corporis
653 527 742 568 eius
774 526 906 567 telum
938 525 1060 566 facile
1093 526 1206 580 adigi
1237 528 1398 580 posset,
1434 528 1620 567 ornatus·
1652 573 1653 577 Ἰ

291 605 371 645 que
403 605 450 632 ac
489 590 690 632 loricatus
730 605 825 632 cum
863 593 972 631 esset
1004 589 1221 644 elephans,
1263 605 1369 644 quae
1405 605 1503 644 pars
1536 604 1621 631 cor-
1651 581 1653 631 l

288 656 405 710 poris
438 656 527 697 eius
560 656 649 697 sine
681 655 865 710 tegmine
897 655 1009 695 nuda
1039 654 1360 709 relinqueretur,
1391 657 1440 696 ut
1465 669 1512 696 eo
1539 654 1622 696 tela
1652 657 1653 664 ’

289 721 566 774 coicerentur3
603 722 819 774 praeterea
861 721 909 760 ut
946 719 1134 759 iumenta
1170 719 1402 760 bestiarum
1440 719 1622 774 odorem,
1652 718 1653 721 '

290 785 532 838 stridorem,
573 784 755 838 speciem
794 783 1095 825 consuetudine
1135 787 1257 838 capta
1293 799 1345 825 ne
1381 783 1622 825 reformida·
1652 811 1653 831 3

290 852 394 891 rent.
458 848 619 898 Quibus
652 864 702 890 ex
733 848 858 889 rebus
889 848 1064 902 largiter
1095 850 1185 889 erat
1223 850 1488 889 consecutus:
1524 862 1622 890 nam
1652 847 1653 851 ¹

290 917 332 955 et
356 913 514 954 milites
545 910 704 953 bestias
723 912 919 953 manibus
950 913 1266 966 pertractabant
1291 927 1517 966 earumque
1542 915 1622 953 tar·
1652 940 1654 970 k

291 978 465 1019 ditatem
492 976 813 1031 cognoscebant,
845 976 1090 1030 equitesque
1115 977 1159 1017 in
1185 991 1255 1018 605
1281 977 1368 1030 pila
1391 977 1624 1031 praepilata

291 1042 544 1095 coiciebant,
594 1043 720 1094 atque
770 1041 813 1081 in
857 1041 1203 1083 consuetudinem
1248 1056 1378 1096 equos
1420 1042 1623 1096 patientia

289 1107 521 1148 bestiarum
554 1105 794 1146 adduxerat.

377 1169 571 1212 LXXIII.
622 1168 685 1210 Ob
712 1169 788 1211 has
815 1185 972 1225 causas,
1005 1185 1108 1224 quas
1135 1185 1262 1224 supra
1288 1171 1623 1226 commemoravi,

290 1235 599 1278 sollicitabatur
637 1233 789 1275 Caesar
827 1235 1070 1290 tardiorque
1108 1237 1150 1275 et
1191 1235 1494 1276 consideratior
1534 1237 1624 1276 crat

289 1301 425 1342 factus
446 1302 487 1340 et
506 1314 557 1340 ex
587 1299 768 1353 pristina
791 1299 977 1340 bellandi
1003 1299 1304 1341 consuetudine
1328 1299 1622 1354 celeritateque
1652 1300 1654 1346 ἶ

291 1366 536 1406 excesserat.
605 1363 754 1417 Neque
796 1364 972 1404 mirum:
1017 1364 1157 1418 copias
1202 1364 1314 1404 enim
1357 1363 1539 1405 habebat
1579 1364 1653 1405 in

291 1429 429 1471 Gallia
464 1427 621 1469 bellare
659 1431 880 1470 consuetas
917 1428 1021 1469 locis
1061 1429 1366 1483 campestribus
1399 1431 1440 1469 et
1478 1431 1623 1470 contra
1651 1451 1654 1486 '.

291 1493 446 1548 Gallos,
476 1492 669 1534 homines
697 1496 864 1547 apertos
892 1493 1149 1547 minimeque
1181 1493 1419 1548 insidiosos,
1453 1493 1525 1548 qui
1549 1508 1624 1547 per
1652 1503 1654 1542 ζ

288 1559 508 1611 virtutem,
551 1572 636 1598 non
676 1573 751 1611 pei
791 1557 934 1598 dolum
976 1557 1174 1598 dimicare
1215 1560 1488 1612 consuerunt3
1532 1560 1653 1599 tum

289 1625 429 1664 autem
474 1624 563 1663 erat
603 1622 641 1662 ei
681 1621 978 1676 laborandum,
1021 1624 1070 1663 ut
1113 1622 1424 1663 consuefaceret
1466 1622 1622 1664 milites

288 1687 477 1728 hostium
516 1686 652 1740 dolos,
689 1686 882 1741 insidias,
920 1686 1098 1727 artificia
1135 1700 1403 1741 cognoscere,
1443 1689 1485 1727 et
1523 1687 1623 1741 quid

290 1751 426 1804 sequi,
459 1750 561 1804 quid
590 1750 724 1791 Vitare
757 1751 1008 1792 conveniret.
1070 1750 1239 1806 Itaque,
1272 1765 1355 1805 quo
1386 1750 1490 1792 haec
1521 1752 1622 1793 cele-
1652 1767 1661 1795 ζ»

289 1817 377 1857 rius
415 1815 700 1868 conciperent,
745 1815 870 1856 dabat
908 1830 1096 1870 operam,
1140 1818 1188 1856 ut
1228 1814 1416 1870 legiones
1457 1830 1542 1856 non
1579 1817 1623 1858 in

289 1893 372 1920 uno
404 1878 495 1919 loco
529 1878 779 1932 contineret,
814 1879 887 1919 sed
917 1895 993 1934 per
1025 1895 1192 1921 causam
1224 1880 1510 1921 frumentandi
1541 1880 1622 1922 huc

290 1946 415 1998 atque
447 1942 547 1983 illuc
578 1945 783 1997 rapsaret,
824 1944 917 1985 ideo
957 1945 1069 1999 quod
1099 1944 1289 1985 hostium
1321 1945 1462 2000 copias
1496 1946 1547 1987 ab
1580 1960 1622 1988 se

290 2022 450 2062 suoque
487 2007 668 2062 vestigio
708 2022 793 2048 non
835 2008 1089 2050 discessui-as
1132 2009 1413 2050 existimabat.
1481 2009 1622 2064 Atque
1663 2030 1666 2035 ·

287 2075 387 2127 post
427 2072 537 2113 diem
577 2072 750 2112 tertium
790 2073 1016 2126 productas
1059 2074 1293 2115 accuratius
1331 2089 1428 2115 suas
1470 2076 1621 2130 copias,
1654 2125 1669 2140 ¹¹

289 2138 399 2178 sicut
453 2137 730 2190 instruxerat,
791 2139 964 2190 propter
1018 2137 1206 2178 hostium
1259 2139 1395 2178 castra
1443 2141 1621 2192 praeter-

289 2216 458 2256 gressus
491 2215 623 2255 aequo
653 2200 746 2242 loco
779 2201 931 2242 invitat
962 2202 1014 2242 ad
1046 2201 1341 2243 dimicandum.
1391 2202 1621 2257 Postquam
1663 2196 1669 2243 ..³

289 2266 514 2308 abhorrere
559 2280 628 2307 eos
672 2265 803 2319 videt,
847 2266 1009 2307 reducit
1052 2266 1129 2306 sub
1171 2281 1395 2321 vesperum
1434 2267 1621 2322 legiones

288 2332 332 2372 in
366 2333 511 2372 castra.

1652 1659 1658 1702 Ἰ
