1638 2600
557 97 656 133 CAP.
682 97 874 133 X-XIIII.
1328 98 1385 139 55

135 190 228 232 XII.
290 190 466 233 Interim
505 207 600 234 cum
639 194 722 234 iam
755 192 907 235 Caesar
937 208 1188 250 progressus
1220 196 1330 236 esset
1361 208 1384 234 a
1412 205 1428 234 1

49 256 196 298 castris
227 255 396 297 circiter
425 256 545 298 milia
575 272 776 311 passuum
807 270 875 312 111,
914 273 990 312 per
1027 258 1311 312 speculatores
1343 261 1385 299 et

48 322 330 362 antecessores
362 320 525 374 equites
557 322 778 363 nuntiatur
808 322 847 363 ei
880 323 1022 376 copias
1053 322 1241 364 hostium
1271 322 1384 363 haud

47 383 171 439 longe
209 384 260 424 ab
299 398 342 425 se
381 399 471 426 esse
509 386 632 427 visas.
693 385 752 427 Et
789 385 959 427 hercule
1004 400 1099 427 cum
1142 401 1190 429 eo
1233 386 1383 428 nuntio

47 447 186 504 pulvis
223 448 372 503 ingens
410 450 597 503 conspici
634 452 806 504 coeptus
850 452 924 491 est.
991 449 1084 492 Hac
1127 465 1171 492 re
1214 450 1384 506 cognita
1409 461 1429 490 2

47 511 199 555 Caesar
248 512 439 554 celeriter
487 514 604 556 iubet
654 514 888 569 equitatum
946 514 1209 570 universum,
1263 515 1383 556 cuius

45 577 210 631 copiam
247 576 398 618 habuit
435 578 478 618 in
516 578 754 632 praesentia
789 591 875 619 non
912 593 1128 634 magnam,
1172 583 1214 622 et
1256 579 1383 635 sagit—

44 642 194 695 tanos,
243 655 423 696 quorum
465 657 620 696 parvus
664 657 715 684 ex
764 642 913 684 castris
963 643 1124 684 exierat
1171 657 1383 697 numerus,

45 706 217 761 arcessi,
267 709 392 760 atque
443 707 669 749 ordinatim
717 707 840 762 signa
882 721 926 748 se
970 706 1122 749 leniter
1165 708 1382 762 consequi3

41 772 135 826 ipse
184 771 426 813 antecedere
477 786 571 813 cum
620 771 766 826 paucis
812 771 996 813 armatis.
1070 770 1243 827 Iamque
1286 786 1382 813 cum
1409 781 1428 811 3

43 835 192 892 procul
222 835 359 877 hostis
391 837 578 890 conspici
615 838 778 890 posset,
814 836 973 878 milites
1010 837 1055 878 in
1087 851 1233 891 campo
1265 837 1383 878 iubet

45 900 202 956 galeari
234 902 277 941 et
313 900 366 941 ad
404 900 533 955 [eam]
571 914 758 955 pugnam
796 900 954 955 parari3
992 914 1171 955 quorum
1209 900 1381 942 omnino

43 979 244 1007 numerus
292 964 375 1006 fuit
418 977 515 1006 xxx
564 964 802 1006 cohortium
851 978 946 1006 cum
997 965 1210 1019 equitibus
1257 974 1382 1019 CCCC,

42 1029 275 1085 sagittariis
308 1040 376 1071 CL.

130 1092 246 1135 XIII.
307 1093 466 1136 Hostes
498 1094 686 1147 interim,
722 1108 901 1148 quorum
933 1094 1019 1135 dux
1050 1097 1140 1135 erat
1169 1093 1381 1135 Labienus
1408 1104 1425 1134 1

42 1162 85 1202 et
122 1158 204 1200 duo
242 1158 429 1213 Pacidei,
474 1158 605 1199 aciem
646 1158 844 1213 derigunt
885 1158 1072 1199 mirabili
1113 1158 1380 1213 longitudine

41 1237 127 1264 non
168 1222 378 1276 peditum,
427 1222 500 1263 sed
544 1222 735 1276 equitum
779 1222 1028 1277 confertam,
1071 1225 1113 1264 et
1156 1223 1267 1264 inter
1309 1237 1380 1264 eos

39 1287 147 1329 levis
184 1289 422 1327 armaturae
452 1285 661 1327 Numidas
699 1289 741 1328 et
778 1286 1021 1341 sagittarios
1058 1286 1223 1340 pedites
1254 1286 1380 1328 inter-

40 1353 270 1407 posuerant
301 1352 343 1392 et
373 1350 434 1391 ita
464 1350 840 1404 condensaverant,
876 1353 925 1391 ut
961 1350 1112 1404 procul
1142 1349 1380 1391 Caesariani

40 1415 255 1471 pedestres
294 1414 435 1468 copias
474 1414 798 1470 arbitrarentur3
840 1415 1037 1455 dextrum
1075 1429 1122 1456 ac
1159 1415 1379 1456 sinistrum

40 1493 172 1523 cornu
219 1479 386 1534 magnis
436 1479 628 1533 equitum
672 1479 804 1533 copiis
847 1479 1130 1521 firmaverant.
1203 1477 1380 1520 Interim
1406 1490 1425 1519 2

41 1543 195 1587 Caesar
236 1543 369 1584 aciem
414 1543 568 1598 derigit
611 1538 865 1598 simplicem,
907 1546 957 1585 ut
998 1546 1167 1598 poterat
1209 1546 1382 1598 propter

40 1608 313 1664 paucitatem3
351 1607 595 1662 sagittarios
634 1610 730 1649 ante
769 1608 901 1649 aciem
939 1608 1179 1662 constituit,
1216 1608 1380 1662 equites

40 1673 187 1715 dextro
220 1672 477 1726 sinistroque
515 1686 645 1713 cornu
683 1672 860 1726 opponit
897 1675 940 1714 et
976 1673 1037 1713 ita
1074 1672 1296 1727 praecipit,
1333 1675 1381 1714 ut

39 1737 321 1792 providerent,
350 1751 403 1778 ne
434 1736 708 1778 multitudine
741 1737 953 1791 equitatus
985 1736 1174 1777 hostium
1206 1737 1380 1778 circum-

39 1802 298 1844 venirentur:
342 1801 613 1843 existimabat
657 1801 770 1842 enim
813 1815 857 1842 se
902 1800 989 1842 acie
1032 1800 1241 1841 instructa
1283 1815 1379 1843 cum

39 1866 304 1920 pedestribus
337 1866 470 1920 copiis
503 1865 812 1906 dimicaturum.

125 1929 263 1972 XHII.
332 1929 439 1971 Cum
486 1930 701 1984 utrimque
752 1928 1012 1983 exspectatio
1067 1928 1189 1969 fieret
1244 1943 1379 1983 neque
1406 1940 1422 1969 1

40 1993 190 2036 Caesar
227 2010 317 2037 sese
353 1997 544 2036 moveret
581 1997 624 2036 et
656 2008 751 2035 cum
783 2008 957 2035 suorum
987 1993 1200 2048 paucitate
1233 1996 1379 2034 contra

39 2073 235 2115 magnam
275 2060 363 2101 vim
405 2059 595 2101 hostium
640 2058 818 2100 artificio
863 2058 1000 2113 magis
1047 2072 1174 2112 quam
1216 2057 1378 2099 viribus

40 2123 344 2165 decernendum
380 2124 561 2178 videret,
604 2123 746 2164 subito
788 2122 1123 2165 adversariorum
1162 2122 1377 2176 equitatus

39 2201 127 2229 sese
165 2188 386 2230 extendere
424 2190 467 2229 et
503 2188 548 2229 in
583 2187 854 2228 latitudinem
884 2200 1133 2241 promovere
1165 2185 1377 2240 collesque

38 2252 259 2306 complecti
299 2255 340 2293 et
378 2251 568 2294 Caesaris
612 2251 850 2306 equitatum
894 2253 1120 2292 extenuare
1164 2249 1375 2304 simulque

38 2315 89 2356 ad
120 2316 462 2358 circumeundum
494 2331 736 2370 comparare
772 2331 815 2357 se
842 2317 1079 2369 coeperunt.
1136 2311 1374 2355 Caesariani
1401 2326 1420 2356 2
