1638 2600
596 101 696 136 CAP.
718 100 946 136 vrn-xm.
1122 88 1128 95 “
1356 103 1439 143 113

95 200 147 241 ad
167 215 243 241 nos
263 199 512 254 transfugit3
533 201 575 240 et
596 197 732 240 noctis
754 197 880 238 tertia
899 197 1047 253 vigilia
1062 198 1104 239 in
1120 198 1275 253 oppido
1291 199 1438 240 acerri-

93 280 160 307 me
180 267 416 320 pugnatum
438 266 514 318 est,
532 264 758 319 ignemque
771 262 955 303 multum
971 263 1178 304 miserunt
1192 263 1302 304 sicut
1316 278 1439 305 omne

93 344 227 385 genus
242 329 409 371 telorwn
428 329 716 378 absumeretur,
735 327 889 381 quibus
910 328 1022 382 ignis
1043 343 1118 382 per
1138 329 1273 370 iactus
1287 328 1439 370 solitus

93 398 158 437 est
183 394 307 436 mitti.
358 393 452 435 Hoc
477 394 707 448 praeterito
734 395 923 446 tempore
951 391 993 433 C.
1019 392 1279 448 Fundanius,
1311 408 1438 448 eques

94 459 331 513 Romanus,
364 474 415 500 cx
448 459 597 500 castris
631 457 967 499 adversariorum
1002 459 1053 499 ad
1085 474 1162 500 nos
1195 459 1437 514 transfugit.

180 523 275 566 XII.
319 524 497 565 Postero
530 524 596 565 die
628 538 680 565 ex
711 522 876 578 legione
902 524 1129 565 vernacula
1154 524 1312 566 milites
1339 527 1439 566 sunt

91 590 204 644 capti
237 590 288 630 ab
322 589 536 644 equitibus
569 588 726 630 nostris
759 588 854 643 duo,
887 588 959 643 qui
993 588 1192 631 dixerunt
1224 605 1268 631 se
1295 604 1439 632 servos

91 669 194 696 esse.
245 654 351 695 Cum
378 655 583 708 venirent,
610 653 770 709 cogniti
796 656 897 694 sunt
923 668 946 694 a
971 654 1193 708 militibus,
1217 655 1290 709 qui
1317 658 1439 697 antea

92 734 188 762 cum
225 719 358 761 Fabio
394 722 435 760 et
472 719 603 760 Pedio
640 718 827 773 fuerant,
860 718 973 773 quod
1005 733 1029 759 a
1059 718 1271 761 Trebonio
1305 723 1439 762 trans-

89 784 300 839 fugerant.
348 784 425 825 Eis
459 785 510 825 ad
542 783 846 840 ignoscendum
878 783 995 825 nulla
1026 784 1206 826 facultas
1239 788 1304 826 est
1330 785 1439 840 data,

90 852 132 891 et
171 864 194 890 a
231 849 442 891 militibus
474 849 631 891 nostris
664 849 876 890 interfecti
909 852 1019 891 sunt.
1081 848 1199 891 Idem
1231 851 1437 905 temporis

90 915 203 968 capti
249 914 479 969 tabellarii,
523 915 597 969 qui
640 929 663 955 a
701 912 897 956 Corduba
937 915 989 956 ad
1026 914 1279 970 Pompeium
1317 916 1437 958 missi

90 983 212 1020 erant
243 995 548 1034 perperamque
581 980 633 1020 ad
665 983 811 1021 nostra
836 982 975 1021 castra
999 984 1290 1036 pervenerant,
1322 997 1436 1036 prae-

89 1044 189 1085 cisis
240 1045 436 1086 manibus
488 1045 608 1086 missi
659 1048 759 1086 sunt
803 1045 916 1086 facti.
990 1045 1089 1087 Pari
1133 1047 1438 1089 consuetudine

88 1109 237 1164 vigilia
274 1110 458 1151 secunda
496 1125 547 1151 ex
586 1110 742 1164 oppido
781 1110 923 1165 ignem
956 1110 1140 1152 multum
1172 1112 1438 1167 telorumque

89 1175 410 1216 multitudinem
438 1175 635 1216 iactando
661 1175 767 1216 bene
793 1189 996 1230 magnum
1023 1178 1191 1230 tempus
1218 1191 1439 1232 consump-

88 1243 237 1281 serunt
269 1240 594 1294 compluresque
627 1240 875 1281 vulneribus
905 1240 1160 1282 adfecerunt.
1202 1241 1438 1284 Praeterito

87 1305 226 1346 noctis
270 1308 460 1359 tempore
507 1305 774 1359 eruptionem
813 1305 865 1345 ad
902 1304 1113 1360 legionem
1151 1319 1198 1347 V1
1235 1307 1438 1362 fecerunt,

87 1384 183 1411 cum
216 1370 259 1411 in
287 1384 411 1424 opere
438 1370 575 1411 nostri
602 1370 777 1411 distenti
804 1373 956 1424 essent,
986 1370 1222 1425 acriterque
1248 1386 1438 1427 pugnare

86 1438 332 1490 coeperunt3
373 1450 554 1490 quorum
593 1435 657 1476 vis
696 1450 890 1489 repressa
927 1450 951 1476 a
988 1436 1164 1491 nostris,
1202 1437 1283 1478 etsi
1321 1439 1437 1492 oppi-

88 1500 187 1541 dani
226 1500 444 1555 superiore
482 1500 576 1542 loco
610 1500 954 1542 defendebantur.
1018 1499 1094 1555 [Hi
1127 1515 1223 1542 cum
1256 1502 1439 1557 eruptio-

86 1580 183 1607 nem
221 1566 358 1607 facere
391 1565 650 1620 coepissent,
690 1568 835 1607 tamen
866 1566 1024 1607 virtute
1056 1565 1243 1607 militum
1276 1570 1439 1610 nostro—

86 1646 199 1686 rum,
251 1632 324 1686 qui
375 1631 455 1672 etsi
502 1630 705 1672 inferiore
759 1630 852 1672 loco
905 1631 1223 1686 premebantur,
1275 1633 1437 1688 tamen]

86 1696 246 1750 repulsi
291 1696 521 1738 adversarii
564 1696 670 1737 bene
716 1695 865 1737 multis
909 1695 1157 1738 vulneribus
1202 1697 1355 1739 adfecti
1395 1699 1437 1740 in

87 1761 291 1816 oppidum
324 1776 367 1802 se
400 1760 684 1802 contulerunt.

174 1825 291 1868 XIII.
352 1826 530 1868 Postero
570 1826 637 1868 die
674 1826 905 1881 Pompeius
944 1841 995 1868 ex
1034 1827 1185 1868 castris
1224 1827 1312 1868 suis
1346 1827 1436 1868 bra-

86 1892 228 1934 chium
261 1892 402 1933 ducerc
434 1891 573 1946 coepit
606 1891 658 1932 ad
689 1892 848 1933 fiumen
879 1889 1066 1947 Salsum3
1098 1895 1140 1933 et
1172 1907 1268 1934 cum
1300 1893 1437 1934 nostri

86 1957 250 2012 equites
287 1957 412 2011 pauci
450 1957 492 1997 in
531 1957 715 1998 statione
753 1956 937 1998 fuissent
975 1971 999 1997 a
1035 1956 1231 2011 pluribus
1267 1958 1436 2012 reperti,

87 2023 137 2064 de
169 2022 351 2064 statione
384 2025 484 2064 sunt
516 2022 667 2063 deiecti
700 2024 742 2063 et
774 2021 903 2063 occisi
929 2024 1026 2063 tres.
1070 2021 1136 2064 Eo
1170 2022 1236 2064 die
1268 2021 1319 2063 A.
1335 2021 1434 2063 Val—

86 2088 197 2142 gius,
236 2087 443 2129 senatoris
480 2087 615 2141 filius,
656 2086 777 2129 cuius
815 2087 950 2129 frater
988 2087 1032 2128 in
1071 2087 1222 2129 castris
1255 2087 1433 2142 Pompei

86 2151 255 2207 fuisset,
294 2152 491 2194 omnibus
528 2152 616 2194 suis
649 2152 776 2193 rebus
809 2151 970 2194 relictis
1003 2167 1158 2207 equum
1191 2153 1437 2195 conscendit

88 2219 130 2258 et
166 2217 287 2271 fugit.
351 2217 601 2272 Speculator
639 2217 689 2259 de
730 2217 899 2273 legione
930 2229 965 2259 11
995 2217 1256 2272 Pompeiana
1287 2220 1436 2272 captus

89 2296 114 2322 a
144 2281 352 2323 militibus
385 2286 427 2324 et
457 2283 707 2324 interfectus
741 2285 821 2338 est3
854 2283 1051 2337 idemque
1081 2282 1286 2336 temporis
1313 2282 1434 2337 glans

88 2345 219 2386 missa
256 2348 319 2387 est
356 2346 576 2401 inscripta:
622 2362 705 2402 quo
745 2347 812 2389 die
850 2348 902 2389 ad
941 2347 1144 2402 oppidum
1178 2347 1434 2402 capiundum

1466 404 1485 433 3

1468 535 1483 564 1

1465 860 1484 890 3

1466 1058 1486 1087 4

1466 1252 1485 1282 5

1462 2034 1481 2064 2

1463 2230 1482 2259 3
