1638 2600
646 87 928 123 PRAEFATIO.
1394 88 1461 122 VII

114 191 300 241 eligerem
326 200 402 237 eas,
436 188 579 237 quibus
606 190 749 236 uterer,
776 191 924 225 ceteras
951 187 1154 236 abicerem,
1183 188 1330 238 quippe
1363 200 1460 237 qua-

113 262 202 288 rum
239 249 447 298 plerasque
481 247 702 297 desperatio
740 247 911 295 fecisset,
945 260 1021 285 non
1054 259 1093 285 se
1133 246 1331 295 dubitare,
1364 248 1460 296 quin

113 309 147 347 si
185 310 273 347 octo
312 306 448 344 diebus
487 309 577 356 post
613 307 757 345 iterum
795 306 899 343 hunc
937 307 1262 344 commentarium
1300 307 1460 357 legeret,

114 367 161 406 de
193 366 374 417 plurimis
401 366 495 404 locis
523 367 638 403 aliter
669 365 917 403 iudicaturus
945 368 1056 414 esset,
1088 368 1222 403 tamen
1248 377 1271 404 a
1302 379 1363 403 me
1389 366 1459 403 im-

114 429 269 476 petrare
313 438 390 463 non
434 425 564 474 potui,
610 428 655 462 ut
698 428 812 463 notas
856 424 1185 463 Mommsenianas
1228 425 1269 462 in
1307 425 1461 463 scriniis

114 485 210 523 meis
243 484 469 522 delitescere
496 485 662 522 sinerem
694 484 827 533 eisque
853 483 1029 522 homines
1057 483 1190 523 doctos
1223 484 1461 522 flaudarem.

112 544 210 582 Post
246 543 533 582 Mommsenum
573 543 641 592 qui
679 544 1005 582 cormnemoretur
1047 555 1160 581 nemo
1203 545 1262 581 est
1306 543 1463 594 dignior

115 602 251 642 Curtio
277 602 511 651 Fleischero,
543 603 762 652 professore
795 600 1000 651 Gymnasii
1027 601 1195 640 Sanctae
1222 602 1343 640 Afrae
1369 602 1461 640 Mis-

112 663 254 700 nensis.
300 660 376 706 Qui
409 662 597 711 quoniam
623 661 763 699 abhinc
789 661 870 699 fere
895 661 1039 711 viginti
1065 673 1187 699 annos
1215 662 1388 710 primum
1414 661 1461 698 de

114 721 215 760 bello
254 721 508 770 Hispaniensi
546 721 786 759 emendando
826 720 937 759 docte
983 720 1186 768 disseruit,
1231 720 1321 758 inde
1362 733 1462 758 nun-

113 793 234 830 quam
265 780 381 818 desiit
420 780 511 818 huic
542 780 675 818 libello
707 779 951 818 restituendo
985 791 1120 817 curam
1157 779 1359 828 impertire
1391 791 1462 817 nec

112 840 243 877 minus
265 851 385 888 quam
412 839 622 888 quinquies
648 842 739 888 post
763 839 932 888 primam
958 850 1071 876 suam
1092 839 1463 877 commentationem

114 898 161 936 de
195 912 238 937 eo
266 899 358 949 egit.
403 899 532 937 Huius
565 899 756 948 opuscula
788 899 828 936 in
861 901 1058 947 apparatu
1084 898 1220 936 critico
1253 898 1310 936 ita
1342 898 1461 948 signi-

112 957 244 996 ficavi:

173 1012 388 1055 Fleischer1
409 1034 463 1047 =
485 1015 788 1055 Observationes
815 1017 974 1055 criticae
1002 1017 1047 1055 de
1073 1017 1175 1056 bello
1196 1016 1461 1066 Hispaniensi,

485 1076 621 1127 Progr.
648 1076 761 1114 Misn.
791 1077 914 1115 1876.

174 1130 389 1173 Fleiseher2
409 1153 463 1166 =
486 1136 543 1173 Zu
572 1135 715 1173 Caesar
745 1135 827 1172 und
859 1136 992 1172 seinen
1023 1135 1284 1184 Fortsetzern,
1317 1134 1461 1172 Annal.

486 1194 674 1232 Fleckeis.
718 1195 806 1232 Vol.
835 1193 979 1232 CXVII
1014 1192 1164 1243 (1878)
1200 1208 1237 1243 p.
1260 1195 1342 1233 273
1365 1206 1421 1243 sq.

171 1247 388 1291 Fleisoher3
407 1270 462 1283 =
483 1253 698 1291 Kritisches
737 1253 819 1290 und
857 1253 1134 1304 Exegetisches
1179 1266 1267 1290 zum
1304 1253 1463 1291 Bellum

487 1311 684 1350 Gallicum
715 1312 797 1350 und
828 1312 986 1349 Bellum
1017 1312 1291 1361 Hispaniense,
1324 1312 1461 1363 Progr.

484 1371 598 1409 Misn.
634 1372 757 1410 1879.

170 1425 387 1469 Fleischer4
407 1448 462 1460 =
485 1431 542 1468 Zu
570 1430 713 1468 Caesar
743 1430 826 1468 und
858 1431 991 1468 seinen
1024 1431 1285 1479 Fortsetzern,
1317 1430 1462 1468 Annal.

484 1489 671 1528 Fleckeis.
716 1490 802 1528 Vol.
831 1489 954 1528 CXIX
989 1487 1139 1540 (1879)
1174 1504 1210 1539 p.
1233 1491 1316 1528 849
1339 1502 1395 1539 sq.

170 1543 386 1587 Fleischer⁵
406 1566 460 1579 =
483 1548 768 1594 Quaestionum
818 1549 864 1587 de
914 1549 1016 1588 bello
1066 1549 1321 1598 Hispaniensi
1370 1561 1461 1598 pars

485 1609 622 1657 altera,
654 1608 790 1659 Progr.
818 1609 931 1646 Misn.
968 1609 1090 1646 1885.

171 1663 387 1706 Fleischer6
406 1685 462 1698 =
482 1667 678 1706 Kritische
698 1668 780 1705 und
795 1668 1039 1718 exegetische
1053 1668 1356 1718 Bemerkungen
1374 1680 1464 1705 zum

514 1727 672 1765 Bellum
697 1727 971 1776 Hispaniense,
1003 1727 1139 1778 Progr.
1163 1727 1277 1765 Misn.
1314 1727 1437 1765 1895.

111 1786 179 1824 Bis
224 1785 271 1824 de
315 1788 449 1825 nostro
500 1786 781 1825 commentario
831 1787 986 1837 egregie
1037 1786 1223 1824 disseruit
1266 1786 1463 1825 Robertus

111 1845 270 1894 Novak,
309 1845 507 1894 professor
537 1845 763 1896 Pragensis,
803 1846 976 1895 primum
1012 1846 1053 1883 in
1091 1845 1205 1896 Listy
1241 1841 1463 1896 filologicke

115 1905 226 1942 1888
260 1918 297 1953 p.
320 1906 343 1943 8
361 1917 417 1954 sq.
444 1899 574 1957 (nobis
594 1901 851 1955 Novakius1)‚
884 1905 1023 1943 deinde
1055 1905 1096 1942 in
1123 1901 1250 1944 Ceske
1282 1917 1464 1942 museum

111 1960 333 2014 filologicke
377 1964 420 2001 T.
452 1964 513 2001 ΙΠ
559 1962 710 2014 (1897)
756 1978 793 2013 p.
828 1965 881 2002 33
917 1977 973 2014 sq.
1027 1962 1156 2015 (nobis
1205 1958 1462 2012 Novakius2).

113 2022 260 2061 Multas
299 2023 494 2072 speciosas
534 2023 826 2062 observationes
859 2023 904 2061 de
944 2036 1120 2062 sermone
1159 2023 1331 2062 auctoris
1369 2023 1464 2061 belli

112 2081 384 2131 Hispaniensis
433 2083 805 2132 emendationesque
856 2082 1067 2121 Eduardus
1105 2083 1372 2122 Woelfflinius
1422 2082 1464 2119 in

114 2140 300 2180 Archivio
344 2141 678 2193 Lexicographiae
722 2142 789 2180 lat.
829 2154 917 2191 suo,
962 2143 1173 2180 nonnullas
1220 2154 1378 2190 quoque
1422 2141 1464 2179 in

115 2198 389 2239 dissertatione
433 2201 589 2240 Nicolai
626 2201 762 2250 Vuh'e,
802 2214 904 2250 quae
947 2201 1176 2240 inscribitur
1218 2200 1463 2239 Historische

115 2257 472 2311 Untersuchungen
498 2274 587 2298 zum
612 2260 770 2298 Bellum
789 2261 1051 2310 Hispaniense
1081 2259 1294 2306 (Munehen
1319 2257 1463 2309 1896),

115 2316 265 2366 publici
296 2318 392 2356 iuris
424 2319 528 2357 feeit.
571 2318 762 2358 Omnibus
794 2320 854 2358 his
880 2321 975 2358 viris
1003 2320 1139 2368 doctis,
1173 2319 1242 2368 qui
1275 2321 1346 2357 aut
1376 2331 1463 2368 pre-

116 2376 226 2414 cibus
258 2377 354 2415 meis
384 2391 533 2416 morem
564 2380 744 2429 gerentes
777 2379 1006 2418 collationes
1041 2391 1130 2417 suas
1163 2378 1259 2416 mihi
1292 2378 1463 2417 credide-
