1669 2574
270 129 353 170 150
552 129 587 163 C.
614 129 728 162 IULII
754 128 980 163 CAESARIS
1007 128 1317 164 FRAGMENTA.

265 224 509 258 sanctissimos
539 223 697 256 homines
722 223 941 266 scriptitasse
966 234 1018 256 me
1042 224 1191 258 scribere
1215 224 1399 259 mirentur.
1449 225 1508 258 Ab
1534 225 1610 260 illis

265 274 384 305 autem
414 270 543 314 quibus
574 273 698 303 notum
729 273 778 303 est
806 280 893 313 quos
918 274 1137 314 quantosque
1163 275 1323 305 auctores
1348 281 1477 315 sequar
1500 272 1610 314 facile

263 317 452 360 impetrari
472 327 576 360 posse
596 316 747 358 confido,
771 320 813 351 ut
837 328 957 351 errare
981 328 1045 360 me,
1069 318 1131 352 sed
1155 328 1235 352 cum
1259 318 1335 352 illis
1359 319 1495 361 sinant,
1521 329 1607 363 quo·
1668 350 1669 356 ,

265 375 348 397 rum
371 374 447 398 non
471 363 566 397 seria
592 363 695 397 modo
720 374 842 397 verum
867 365 973 398 etiam
999 365 1099 399 lusus
1124 365 1320 409 escprimere
1346 365 1528 400 laudabile
1547 370 1606 401 est.

263 410 327 444 An
351 420 413 455 eqo
438 421 561 444 verear
580 431 625 434 —
645 411 821 445 neminem
845 411 1051 454 viventium,
1076 422 1120 446 ne
1144 423 1252 456 quam
1277 413 1318 446 in
1342 413 1491 456 speciem
1516 413 1608 447 adu-

265 457 414 492 lationis
438 457 618 499 incidam,
648 458 842 492 nominabo
868 479 911 483 —
938 459 999 492 secl
1022 469 1083 503 eqo
1108 470 1242 501 verear,
1273 471 1317 493 ne
1342 470 1395 493 me
1419 469 1495 493 non
1518 460 1609 494 satis

264 504 384 538 deceat
409 504 504 548 quod
528 504 647 538 decuit
673 504 729 538 M.
759 505 933 547 Tullium,
960 505 997 539 C.
1024 506 1191 549 Calvum,
1215 507 1389 541 Asinium
1409 506 1608 550 Polionem,

263 551 319 584 M.
347 551 571 593 Messallam,
599 551 638 595 Q.
665 551 915 594 Hortensium,
941 552 996 586 M.
1024 552 1195 595 Brutum,
1220 553 1264 588 L.
1292 553 1445 596 Sullam,
1473 552 1512 598 Q.
1539 553 1607 588 Ca—

262 598 389 640 tulum,
417 598 455 642 Q.
477 598 697 641 Scaevolam,
716 598 879 633 Servium
900 598 1115 643 Sulpicium,
1140 599 1348 643 Varronem,
1371 600 1607 645 Torquatum,

261 645 369 679 immo
397 646 615 690 Torquatos,
642 645 679 680 C.
701 646 926 688 Memmium,
951 646 1171 689 Lentulum,
1196 646 1441 690 Gaetulicum,
1459 647 1607 681 Annae-

260 703 323 726 um
354 692 540 735 Senecam,
571 693 781 735 Lucanum,
816 697 848 728 et
874 693 1040 737 prooeime
1071 693 1282 738 Verqinium
1313 694 1474 737 Rufum,
1511 698 1543 729 et
1575 695 1608 729 si

260 750 335 773 non
353 740 543 783 sufficiunt
562 741 723 784 eoeempla
742 740 905 784 privata,
931 741 1055 774 divum
1072 741 1224 783 Iulium,
1243 741 1367 775 divum
1386 742 1607 786 Auqustum,

261 787 384 821 divum
410 788 582 830 Nervam,
610 788 794 821 Tiberium
821 787 1034 822 Caesarem?

357 833 450 869 Suet.
484 835 542 868 vit.
581 835 718 869 Terent.
771 834 929 877 (Sueton.
965 835 1106 879 Reliqu.
1141 835 1192 869 ed.
1227 835 1435 878 Reiffersch.
1465 846 1503 879 p.
1531 837 1606 879 34.)

261 881 351 917 Item
379 881 415 916 C.
444 881 577 916 Caesar

403 940 457 974 Tu
483 950 645 984 quoque,
672 942 714 974 tu
740 939 779 974 in
804 939 972 985 summis,
1000 951 1020 974 o
1047 939 1242 975 dimidiate
1267 940 1486 984 Menander,

402 987 570 1031 Poneris,
597 989 635 1021 et
658 986 808 1031 merito,
834 987 917 1032 puri
944 987 1121 1022 sermonis
1147 990 1299 1022 amator.

402 1033 563 1068 Lenibus
591 1036 703 1078 abque
728 1033 874 1068 utinam
900 1034 1046 1079 scriptis
1074 1034 1251 1069 adiuncta
1275 1034 1372 1069 foret,
1396 1034 1468 1079 vis,

402 1081 551 1115 Comica
576 1083 619 1116 ub
645 1084 804 1126 aequato
829 1081 945 1116 virtus
973 1081 1131 1126 polleret
1155 1082 1293 1117 honore

401 1127 491 1162 Cum
517 1128 684 1173 Graecis,
709 1139 801 1163 neve
825 1129 896 1163 hac
922 1129 1116 1174 despectus
1141 1131 1247 1174 parte
1272 1129 1423 1163 iaceres.

400 1175 523 1210 Unum
548 1176 618 1210 hoc
642 1187 809 1211 maceror
833 1176 982 1211 aureolo
1008 1176 1078 1211 tibi
1106 1177 1226 1220 desse,
1254 1175 1413 1211 Terenti.

353 1235 486 1269 Isidor.
517 1235 613 1281 Oriq.
636 1235 708 1278 IV,
733 1237 792 1278 12,
819 1238 850 1270 7.
898 1235 1077 1278 Telinum,
1102 1236 1207 1270 cuius
1231 1236 1354 1270 Iulius
1382 1234 1514 1270 Caesar
1539 1246 1607 1270 me—

261 1283 369 1317 minit
394 1283 533 1317 dicens.-

590 1329 801 1374 Corpusque
827 1329 931 1364 suavi
956 1329 1071 1364 telino
1098 1329 1282 1374 ungimus.

356 1389 471 1432 Caper
495 1389 538 1424 de
563 1390 716 1434 orthoqr.
737 1400 775 1433 p.
797 1393 880 1432 101,
897 1391 944 1423 21
973 1389 1076 1432 (Keil
1104 1389 1263 1423 Gramm.
1288 1388 1372 1423 Lat.
1406 1388 1510 1431 VII).

402 1448 474 1482 ‘hic
499 1448 609 1482 lutus’
639 1452 744 1492 atque
772 1447 985 1482 ‘macellum'
1015 1447 1143 1487 ἑνικῶς
1168 1448 1265 1482 escz‘re
1290 1451 1473 1490 memento,

401 1495 596 1529 Memmius
624 1495 710 1530 ‘ista
734 1495 896 1529 macella'
925 1495 1021 1537 licet,
1049 1494 1183 1529 Caesar
1210 1495 1317 1529 ‘luta’
1346 1494 1454 1529 dicat.

262 1553 315 1596 Cf.
342 1553 540 1596 Baehrens,
565 1553 711 1588 Archiv.
738 1553 926 1598 Lexicoyr.
954 1554 1011 1595 II,
1030 1556 1077 1587 47
1081 1556 1112 1587 6.
1174 1575 1176 1577 -

354 1613 452 1647 Non.
475 1624 512 1656 p.
534 1615 608 1647 198
634 1612 690 1646 M.
743 1611 845 1646 Ciuis
869 1612 1046 1654 feminino
1077 1612 1178 1656 apud
1205 1612 1392 1646 Caesarem
1424 1616 1456 1647 et
1483 1611 1605 1647 Catul-

258 1660 332 1694 lum
358 1664 389 1695 et
415 1659 566 1694 Calvum
592 1660 718 1695 lectum
743 1663 805 1702 est,
829 1670 982 1703 quorum
1007 1659 1155 1694 vacillat
1180 1659 1389 1694 auctoritas.

703 1849 773 1891 VI.
813 1849 903 1891 DE
931 1848 1159 1890 ASTRIS.

352 1918 452 1952 Plin.
480 1919 569 1953 Nat.
596 1918 694 1953 Hist.
721 1919 752 1952 I.
804 1918 887 1952 Ind.
921 1922 1108 1953 auctorum
1139 1918 1224 1951 libri
1250 1917 1406 1951 XVIII.
1456 1917 1501 1951 L.
1532 1917 1604 1952 Ta-

257 1966 372 2007 rutio,
397 1965 459 2009 qui
487 1965 622 2000 Graece
646 1966 689 2000 de
714 1966 824 1999 astris
848 1966 1010 2009 scripsit,
1037 1964 1187 1999 Caesare
1211 1964 1394 2007 dictatore,
1421 1965 1484 2008 qui
1508 1964 1601 1998 item.

352 2013 449 2047 Plin.
471 2013 560 2047 Nat.
581 2012 679 2047 Hist.
701 2012 859 2054 XVIII,
883 2014 965 2047 214.
1010 2011 1090 2046 Nos
1119 2011 1301 2056 sequimur
1326 2011 1603 2046 observationem

259 2060 426 2095 Caesaris
450 2060 618 2102 mamime,
642 2060 728 2094 haec
752 2060 819 2094 erit
843 2059 978 2094 Italiae
1001 2059 1106 2093 ratio.

353 2107 517 2141 Macrob.
547 2107 621 2145 Sat.
647 2107 681 2149 I,
708 2110 766 2149 16,
795 2109 851 2140 39.
902 2106 1024 2140 Iulius
1051 2105 1185 2140 Caesar
1215 2109 1256 2139 ut
1286 2105 1444 2139 siderum
1475 2109 1602 2148 motus,

257 2155 299 2189 de
333 2155 463 2198 quibus
494 2164 569 2188 non
599 2154 760 2188 indoctos
786 2154 895 2188 libros
920 2153 1081 2197 reliquit,
1113 2153 1157 2186 ab
1182 2152 1373 2197 Aeqyptiis
1397 2153 1603 2197 disciplinis

255 2202 396 2244 hausit,
426 2202 480 2236 ita
511 2201 576 2236 hoc
606 2211 741 2246 quoquc
772 2212 815 2235 ea·
843 2201 965 2235 eadem
996 2200 1222 2235 institutione
1252 2203 1438 2234 mutuatus
1462 2204 1530 2243 est,
1561 2203 1602 2234 ut

256 2249 306 2283 ad
331 2249 417 2283 solis
441 2259 586 2284 cursum
610 2248 764 2291 finiendi
789 2248 881 2282 anni
906 2252 1042 2291 tempus
1066 2247 1273 2281 extenderet.

353 2295 468 2330 Schol.
496 2297 537 2330 in
562 2296 703 2330 Lucan.
725 2295 775 2338 X,
801 2297 883 2329 185.
929 2295 1066 2328 Probat
1091 2295 1136 2328 ab
1161 2294 1297 2336 effectu,
1323 2293 1418 2337 quod
1443 2303 1520 2327 vere
1544 2293 1601 2326 in-

257 2347 376 2378 tentus
399 2344 524 2386 fuerit,
550 2343 637 2387 quia
661 2354 749 2377 suus
776 2343 814 2385 (i.
836 2353 862 2376 e.
885 2342 1066 2384 Caesaris)
1094 2341 1193 2383 liber,
1219 2352 1319 2386 quem
1344 2340 1541 2384 composuit
1559 2340 1602 2374 de

256 2391 531 2435 computatione,
555 2401 631 2425 non
655 2390 810 2433 inferior
835 2389 925 2424 libro
952 2388 1104 2423 Eudooez·
1129 2389 1184 2423 sit.
