1669 2574
215 1698 235 1729 3

214 1892 235 1923 4

215 2087 235 2117 5

217 2283 234 2312 1

214 2346 234 2376 2

269 99 289 138 1
300 99 319 138 l
327 97 351 138 8
662 95 857 130 BELLUM
883 95 1215 130 HISPANIENSE.

265 192 585 235 materfamilias
624 191 674 232 de
711 205 833 232 muro
873 205 916 232 se
956 191 1108 233 deiecit
1139 195 1181 233 et
1213 192 1265 233 ad
1296 207 1374 233 nos
1406 192 1611 234 transiliit

266 260 458 313 dixitque
491 273 534 299 se
567 272 663 298 cum
694 255 857 297 familia
888 256 1169 298 constitutum
1201 257 1420 311 habuisse,
1452 260 1501 298 ut
1528 272 1613 298 una

265 323 584 376 transfugerent
615 321 667 362 ad
694 320 933 374 Caesarem,
965 320 1083 362 illam
1110 336 1356 376 oppressam
1383 325 1425 363 et
1451 322 1614 377 iugula-

269 391 368 430 tam.
430 387 524 428 Hoc
558 387 787 441 praeterito
820 388 1011 439 tempore
1049 386 1230 428 tabellae
1268 387 1318 428 de
1355 401 1477 428 muro
1515 390 1616 428 sunt

267 452 465 506 deiectae,
496 451 540 492 in
573 451 730 506 quibus
761 451 969 504 scriptum
1003 453 1067 491 est
1098 450 1335 493 inventum:
1375 451 1434 492 ‘L.
1467 451 1613 492 Muna-

267 516 353 557 tius
399 516 578 557 Caesari.
654 514 699 557 Si
749 514 855 556 mihi
905 515 1037 556 vitam
1085 515 1266 571 tribues,
1316 516 1517 571 quoniam
1561 516 1613 557 ab

267 580 340 622 Cn.
372 580 576 635 Pompeio
616 595 709 622 sum
748 580 958 633 desertus,
998 579 1166 634 qualem
1204 594 1270 621 me
1308 580 1372 621 illi
1404 581 1613 635 praestiti,

265 646 342 687 tali
374 646 533 687 virtute
565 648 608 687 et
639 644 880 687 constantia
911 644 1104 685 futurum
1137 659 1203 686 me
1236 645 1279 686 in
1311 648 1353 686 te
1380 661 1470 687 esse
1497 660 1613 700 prae-

265 711 417 752 stabo?
486 710 651 752 Eodem
695 713 886 764 tempore
931 709 1131 763 oppidani
1174 709 1324 765 legati,
1375 711 1447 764 qui
1492 712 1615 751 antea

265 775 467 829 exierant,
500 774 721 817 Caesarem
754 774 967 815 adierunt:
1009 774 1045 815 si
1077 774 1159 815 sibi
1191 774 1324 815 vitam
1357 776 1615 829 concederet,

265 856 355 882 sese
394 841 635 894 insequenti
673 840 767 881 luce
800 839 1004 893 oppidum
1037 853 1127 880 esse
1161 839 1388 880 dedituros.
1451 840 1614 889 Quibus

265 904 485 959 respondit
534 920 577 946 se
624 904 845 946 Caesarem
896 919 986 945 esse
1030 904 1242 958 fidemque
1285 907 1614 958 praestaturum.

262 968 329 1010 Ita
362 972 458 1010 ante
492 969 602 1011 diem
631 982 679 1010 XI
710 970 805 1011 Kal.
835 968 961 1010 Mart.
994 969 1149 1023 oppido
1181 969 1344 1023 potitus
1376 970 1608 1024 imperator

264 1037 329 1075 est
361 1034 611 1088 appellatus.
1359 1032 1361 1034 ’

353 1098 444 1140 XX.
505 1099 627 1149 Quod
659 1099 888 1153 Pompeius
920 1115 971 1141 ex
1003 1099 1194 1154 perfugis
1227 1114 1322 1141 cum
1355 1100 1612 1142 deditionem

264 1164 410 1219 oppidi
437 1164 593 1205 factam
621 1180 711 1206 esse
738 1165 900 1218 scisset,
932 1167 1070 1206 castra
1094 1165 1231 1205 movit
1255 1164 1441 1206 Ucubim
1467 1180 1614 1207 versus

264 1233 306 1271 et
344 1230 503 1271 circum
543 1244 592 1271 ea
627 1229 721 1271 loca
759 1229 933 1271 castella
971 1230 1183 1284 disposuit
1221 1234 1262 1272 et
1303 1231 1613 1272 munitionibus

264 1310 308 1336 se
352 1295 568 1336 continere
614 1294 763 1348 coepit.
833 1294 939 1336 Item
984 1294 1137 1336 Caesar
1180 1296 1316 1337 movit
1354 1299 1395 1337 et
1438 1296 1613 1350 propius

264 1362 404 1401 castra
433 1359 583 1401 castris
610 1359 804 1401 contulit.
855 1359 1018 1401 Eodem
1045 1363 1235 1414 tempore
1260 1376 1383 1402 mane
1409 1361 1612 1402 loricatus

263 1439 373 1466 unus
406 1440 457 1466 ex
488 1424 656 1479 legione
686 1424 912 1466 vernacula
937 1425 990 1465 ad
1015 1440 1093 1466 nos
1120 1426 1352 1481 transfugit
1378 1428 1420 1467 et
1446 1427 1610 1468 nuntia-

261 1491 325 1531 vit
355 1489 606 1544 Pompeium
639 1490 873 1544 oppidanos
899 1489 1147 1532 Ucubenses
1176 1505 1431 1532 convocasse
1466 1492 1611 1545 eisque

262 1555 323 1596 ita
348 1555 634 1609 imperavisse,
663 1557 711 1595 ut
737 1554 959 1610 diligentia
985 1555 1177 1596 adhibita
1202 1556 1510 1610 perquirerent,
1536 1557 1610 1611 qui

263 1623 405 1662 essent
431 1635 602 1661 suarum
629 1620 815 1674 partium
839 1620 1026 1674 itemque
1047 1621 1386 1663 adversariorum
1407 1621 1611 1663 victoriae

262 1685 461 1726 fautores.
512 1685 605 1727 Hoc
636 1685 866 1739 praeterito
899 1687 1089 1739 tempore
1118 1686 1161 1726 in
1188 1686 1357 1740 oppido,
1390 1686 1504 1740 quod
1529 1686 1612 1728 fuit

263 1753 453 1805 captum,
492 1765 638 1792 servus
677 1753 741 1791 est
778 1764 957 1804 prensus
995 1750 1039 1791 in
1072 1750 1287 1803 cuniculo,
1326 1764 1451 1804 quem
1484 1765 1612 1805 supra

264 1815 647 1857 demonstravimus
680 1815 894 1856 dominam
927 1815 1161 1870 iugulasse:
1193 1815 1230 1856 is
1260 1815 1382 1856 vivus
1410 1818 1475 1856 est
1500 1829 1610 1856 com-

263 1881 425 1921 bustus.
475 1879 678 1934 Idemque
711 1881 915 1934 temporis
947 1881 1215 1922 centuriones
1247 1880 1413 1921 loricati
1445 1891 1527 1920 V111
1558 1880 1610 1921 ad

263 1944 483 1986 Caesarem
516 1946 840 2000 transfugerunt
872 1960 923 1986 ex
954 1945 1121 2000 legione
1153 1944 1390 1998 vernacula,
1422 1947 1465 1985 et
1497 1945 1610 1999 equi-

262 2014 326 2052 tes
359 2011 494 2051 nostri
526 2025 621 2051 cum
648 2010 987 2051 adversariorum
1014 2010 1230 2064 equitibus
1257 2009 1472 2063 congressi
1500 2012 1610 2063 sunt,

263 2078 304 2117 et
343 2076 474 2117 saucii
513 2075 677 2129 aliquot
715 2075 959 2116 occiderunt
991 2075 1072 2116 levi
1106 2077 1329 2115 armatura.
1391 2073 1456 2114 Ea
1487 2076 1610 2115 nocte

262 2140 549 2194 speculatores
569 2139 712 2194 prensi
732 2140 843 2180 servi
862 2151 913 2180 ΙΙΙ
934 2142 976 2181 et
996 2154 1105 2181 unus
1126 2154 1177 2180 ex
1192 2139 1358 2194 legione
1374 2138 1609 2180 vernacula.

264 2204 384 2246 Servi
417 2208 517 2247 sunt
547 2205 591 2246 in
623 2219 789 2246 crucem
823 2204 1000 2259 sublati,
1031 2204 1158 2245 militi
1191 2204 1376 2245 cervices
1411 2204 1608 2245 abscisae.

352 2270 465 2311 XXI.
527 2269 704 2311 Postero
744 2269 809 2310 die
848 2270 1012 2323 equites
1051 2284 1146 2310 cum
1184 2268 1268 2309 levi
1307 2270 1521 2309 armatura
1558 2284 1609 2309 ex

262 2335 599 2376 adversariorum
645 2334 794 2376 castris
839 2334 894 2375 ad
938 2348 1014 2375 nos
1059 2333 1393 2388 transfugerunt.
1461 2333 1520 2374 Et
1560 2348 1608 2375 eo
