1638 2600
533 87 632 123 CAP.
658 87 935 122 XIIII—XVIII.
1344 87 1401 129 57

65 184 230 227 mittere
264 183 493 237 contendit,
524 183 621 238 equi
653 184 840 238 graviter
867 184 1042 226 adverso
1067 183 1229 239 pectori
1254 183 1402 224 adfixit

64 250 107 290 et
142 248 218 288 ait:
263 246 479 301 eLabiene,
524 247 800 289 decumanum
841 248 1040 303 militem,
1084 249 1156 303 qui
1198 250 1240 288 te
1282 247 1401 302 petit,

64 311 168 353 scito
206 311 322 352 esse.'
385 309 586 352 Omnium
625 315 766 353 tamen
805 313 935 353 animi
973 314 1016 354 in
1059 315 1263 354 terrorem
1306 326 1399 353 con-
1425 322 1447 353 4

62 375 171 429 iecti‚
196 378 238 416 et
263 376 447 417 maxime
473 376 677 417 tironum:
704 376 1024 431 circumspicere
1047 378 1159 419 enim
1180 375 1400 418 Caesarem

62 453 195 494 neque
226 439 408 494 amplius
439 440 578 482 facere
609 440 691 482 nisi
721 439 912 482 hostium
946 442 1082 483 iacula
1111 443 1256 484 vitare.

147 502 283 545 XVII.
352 503 504 545 Caesar
548 505 718 546 interim
762 505 940 546 consilio
990 505 1180 547 hostium
1229 505 1399 560 cognito
1427 515 1445 546 1

61 568 177 611 iubet
214 568 344 610 aciem
383 569 426 609 in
464 569 775 624 longitudinem
815 584 942 623 quam
979 571 1208 612 maximam
1238 570 1400 625 porrigi

61 636 103 676 et
139 631 312 674 alternis
353 634 566 675 conversis
605 633 868 687 cohortibus,
912 635 960 674 ut
996 648 1080 675 una
1116 636 1231 688 post,
1269 634 1400 674 altera

60 700 156 740 ante
181 698 303 751 signa
327 698 602 752 contenderet,
631 698 690 739 ita
723 711 920 738 coronam
950 697 1138 739 hostium
1168 698 1314 739 dextro
1346 697 1399 738 si-

59 762 276 816 nistroque
314 776 444 803 cornu
482 763 663 804 mediam
703 761 855 803 dividit
892 764 934 802 et
970 775 1097 802 unam
1139 764 1302 815 partem
1346 761 1398 802 ab

59 826 189 868 altera
243 826 457 868 exclusam
515 827 728 881 equitibus
779 826 1032 867 intrinsecus
1081 826 1253 867 adortus
1303 840 1398 867 cum

57 890 248 946 peditatu
280 890 377 932 telis
411 892 610 933 coniectis
641 892 686 932 in
716 891 863 946 fugam
894 890 1025 932 vertit
1056 905 1190 945 neque
1228 890 1397 945 longius

57 968 306 1009 progressus
344 955 505 996 veritus
544 955 719 997 insidias
758 971 801 997 se
842 955 893 996 ad
935 968 1034 996 suos
1077 954 1244 1009 recipit3
1286 955 1397 996 idem

58 1019 188 1061 altera
224 1034 321 1073 pars
361 1020 552 1073 equitum
592 1020 868 1074 peditumque
907 1018 1095 1060 Caesaris
1138 1019 1250 1060 fecit.
1316 1018 1396 1060 His
1423 1030 1445 1061 2

56 1083 181 1126 rebus
223 1084 354 1138 gestis
393 1098 440 1125 ac
478 1084 626 1137 procul
668 1084 865 1125 hostibus
907 1083 1087 1138 repulsis
1128 1083 1397 1125 convulnera-

56 1148 194 1202 tisque
226 1148 279 1188 ad
311 1163 387 1189 sua
411 1148 622 1202 praesidia
652 1163 760 1203 sese,
798 1149 908 1189 sicut
941 1150 1031 1188 erat
1061 1147 1307 1202 instructus,
1337 1162 1397 1189 re-

57 1211 194 1266 cipere
228 1213 376 1266 coepit.

142 1275 301 1318 XVIII.
352 1275 528 1318 Interim
554 1276 609 1318 M.
636 1276 829 1318 Petreius
862 1279 904 1317 et
937 1275 1008 1317 Cn.
1034 1275 1134 1317 Piso
1162 1291 1257 1317 cum
1284 1276 1396 1330 equi·
1422 1289 1440 1319 1

55 1341 169 1382 tibus
194 1339 395 1382 Numidis
422 1351 519 1381 MDC
545 1340 688 1382 electis
714 1341 989 1395 peditatuque
1015 1340 1202 1381 eiusdem
1230 1342 1396 1395 generis

56 1405 157 1447 satis
196 1405 344 1460 grandi
383 1419 436 1446 ex
471 1405 621 1446 itinere
658 1407 772 1446 recta
808 1404 998 1446 subsidio
1037 1404 1126 1445 suis
1158 1408 1395 1446 occurrunt.

55 1468 196 1524 Atque
228 1468 373 1510 hostes
406 1469 493 1509 suis
525 1484 576 1510 ex
607 1472 766 1510 terrore
795 1469 978 1510 firmatis
1009 1483 1240 1523 rursusque
1277 1484 1395 1510 reno·
1420 1483 1442 1513 2

55 1534 163 1576 vatis
195 1533 347 1574 animis
378 1532 634 1588 legionarios
666 1534 879 1576 conversis
906 1533 1119 1588 equitibus
1139 1525 1394 1587 'recipientes

55 1599 307 1641 novissimos
339 1598 495 1639 adoriri
527 1600 569 1638 et
605 1598 808 1653 impedire
846 1600 1091 1653 coeperunt,
1133 1612 1216 1652 quo
1253 1599 1394 1640 minus

56 1664 99 1705 in
136 1666 272 1705 castra
308 1677 352 1704 se
389 1663 635 1716 reciperent.
702 1662 794 1704 Hac
831 1678 876 1705 re
915 1663 1206 1704 animadversa
1243 1662 1395 1704 Caesar
1419 1676 1440 1706 3

56 1728 172 1770 iubet
202 1729 325 1783 signa
350 1728 538 1770 converti
565 1730 607 1768 et
630 1728 769 1769 medio
796 1742 944 1782 campo
970 1727 1249 1782 redintegrari
1275 1743 1393 1782 proe-

55 1793 169 1834 lium.
231 1792 336 1834 Cum
374 1793 425 1834 ab
462 1792 658 1833 hostibus
690 1792 836 1833 eodem
867 1792 994 1833 modo
1025 1794 1287 1846 pugnaretur
1317 1807 1394 1834 nec
1418 1805 1440 1836 4

57 1857 288 1900 comminus
321 1857 372 1898 ad
403 1872 553 1898 manus
585 1857 793 1898 rediretur
825 1855 1100 1910 Caesarisque
1132 1856 1296 1911 equites
1333 1857 1393 1898 iu-

55 1925 196 1964 menta
238 1937 290 1963 ex
331 1936 487 1962 nausea
533 1921 708 1976 recenti,
759 1921 849 1976 siti,
897 1922 1120 1976 languore,
1168 1922 1393 1976 paucitate,

54 1985 297 2027 vulneribus
335 1985 565 2040 defatigata
603 1986 655 2026 ad
694 1986 1001 2041 insequendum
1044 1987 1213 2028 hostem
1255 2001 1392 2040 perse-

0 2073 3 2084 ι
54 2050 364 2104 verandumque
402 2064 571 2091 cursum
608 2051 795 2092 tardiora
836 2051 1041 2093 haberent
1085 2051 1250 2105 dieique
1293 2066 1391 2105 pars

55 2113 206 2168 exigua
230 2114 313 2156 iam
338 2114 502 2169 reliqua
527 2118 650 2169 esset,
678 2115 924 2157 cohortibus
950 2114 1287 2171 equitibus[que]
1315 2115 1391 2156 cir-

2 2203 3 2206 =
55 2178 258 2220 cumdatis
297 2179 558 2234 cohortatur,
596 2182 644 2221 ut
681 2195 764 2221 uno
804 2181 891 2222 ictu
923 2181 1224 2222 contenderent
1255 2194 1390 2234 neque

0 2255 1 2258 ’
53 2243 326 2298 remitterent,
357 2244 487 2285 donec
517 2244 630 2285 ultra
660 2244 835 2286 ultimos
862 2244 989 2286 colles
1015 2245 1160 2286 hostes
1185 2244 1389 2298 reppulis-

53 2310 146 2348 sent
183 2310 307 2362 atque
351 2323 496 2350 eorum
540 2312 680 2350 essent
722 2310 860 2364 potiti.
928 2308 1076 2363 Itaque
1121 2308 1244 2363 signo
1289 2308 1387 2350 dato
1414 2319 1434 2350 5
