1669 2574
197 215 211 245 1

195 599 214 628 N>

194 2077 214 2107 Ν.)

241 109 269 148 4
598 107 790 141 BELLUM
819 106 1218 141 ALEXANDRINUM.

328 203 382 245 Π.
430 203 580 257 Neque
611 216 709 243 vero
741 199 1040 243 Alexandrinis
1077 201 1122 242 in
1159 201 1352 256 gerendis
1387 199 1570 255 negotiis

241 269 453 310 cunctatio
491 267 579 307 ulla
616 268 688 306 aut
725 280 844 306 mora
876 265 1147 306 inferebatur.
1206 264 1318 306 Nam
1350 265 1394 306 in
1426 279 1570 305 omnes

240 335 403 386 partes,
442 345 517 385 per
558 344 662 383 quas
703 330 809 370 fines
846 328 1035 384 Aegypti
1075 342 1336 383 regnumque
1375 329 1571 383 pertinet,

241 397 402 451 legatos
447 393 837 447 conquisitoresque
881 394 1059 435 dilectus
1101 393 1285 434 habendi
1329 408 1453 435 causa
1495 394 1570 435 mi-

242 463 382 502 serant
400 472 685 513 magnumque
710 472 932 499 numerum
952 458 996 499 in
1016 457 1218 512 oppidum
1237 457 1419 498 telorum
1445 461 1570 512 atque

241 525 548 564 tormentorum
589 524 870 563 convexerant
911 524 953 562 et
992 521 1342 563 innumerabilem
1380 522 1569 563 multitu-

242 588 379 628 dinem
429 589 684 628 armatorum
733 586 1003 627 adduxerant.
1062 584 1154 627 Nec
1196 586 1336 627 minus
1380 586 1424 627 in
1467 587 1569 628 urbe

240 651 447 691 maximae
484 664 697 691 armorum
735 652 854 691 erant
891 650 1110 691 institutae
1152 650 1355 692 officinae.
1418 650 1570 693 Servos

240 718 455 769 praeterea
486 714 666 768 puberes
698 718 981 769 armaverant3
1014 714 1168 768 quibus
1197 714 1357 755 domini
1388 714 1569 769 locuple-

240 780 369 821 tiores
411 780 572 820 victum
615 779 873 820 cotidianum
917 777 1258 832 stipendiumque
1300 778 1569 832 praebebant.

240 844 332 885 Hac
361 843 635 884 multitudine
667 843 873 897 disposita
903 842 1160 883 munitiones
1192 845 1449 884 semotarum
1478 858 1570 897 par-

240 908 347 948 tium
379 908 624 962 tuebantur3
654 910 874 949 veteranas
907 907 1100 948 cohortes
1133 920 1285 947 vacuas
1317 906 1361 948 in
1393 907 1570 949 celeber·

240 972 359 1013 rimis
402 972 520 1013 urbis
563 972 667 1013 locis
710 972 940 1026 habebant,
983 973 1048 1025 ut,
1093 985 1356 1025 quacumque
1398 972 1571 1027 regione

238 1039 509 1092 pugnaretur,
540 1037 718 1091 integris
744 1036 905 1077 viribus
938 1035 990 1076 ad
1021 1035 1225 1076 auxilium
1256 1035 1475 1077 ferendum
1501 1051 1570 1091 op-

239 1101 340 1155 poni
369 1103 554 1155 possent.
605 1100 811 1142 Omnibus
836 1100 916 1142 viis
943 1102 1068 1154 atque
1095 1100 1329 1155 angiportis
1360 1101 1571 1155 triplicem

238 1165 397 1206 vallum
429 1165 692 1207 obduxerant
722 1190 781 1195 —
811 1166 901 1206 erat
927 1167 1068 1205 autem
1100 1164 1304 1218 quadrato
1331 1168 1570 1207 exstructus

239 1243 339 1270 saxo
381 1244 517 1284 neque
557 1229 698 1270 minus
738 1241 800 1270 XL
843 1229 969 1283 pedes
1009 1228 1246 1270 altitudinis
1284 1228 1467 1271 habebat
1497 1255 1571 1285 —-,

239 1308 429 1349 quaeque
466 1295 608 1348 partes
645 1293 762 1335 urbis
800 1293 1022 1335 inferiores
1061 1296 1197 1347 erant,
1236 1293 1313 1335 has
1352 1294 1570 1337 altissimis

238 1358 427 1400 turribus
466 1358 669 1399 denorum
710 1357 997 1399 tabulatorum
1037 1358 1289 1399 munierant.
1349 1358 1572 1402 Praeterea

239 1422 342 1463 alias
391 1421 692 1463 ambulatorias
747 1422 925 1463 totidem
968 1421 1255 1463 tabulatorum
1305 1423 1572 1465 confecerant

238 1486 522 1541 subiectisque
561 1501 630 1527 eas
667 1486 772 1527 rotis
815 1486 988 1527 funibus
1029 1486 1314 1541 iumentisque
1356 1487 1570 1543 [obiectis]

239 1551 417 1592 derectis
455 1551 624 1606 plateis,
667 1551 712 1592 in
750 1565 1058 1605 quamcumque
1095 1553 1186 1592 erat
1221 1551 1360 1592 visum
1397 1555 1571 1607 partem,

237 1615 476 1656 movebant.

327 1678 403 1720 HI.
434 1678 548 1720 Urbs
568 1679 831 1721 fertilissima
849 1682 892 1721 et
912 1680 1204 1734 copiosissima
1223 1681 1412 1722 omnium
1430 1696 1571 1722 rerum

238 1745 465 1797 apparatus
504 1743 769 1797 suggerebat.
836 1742 925 1798 Ipsi
964 1743 1157 1786 homines
1198 1745 1408 1800 ingeniosi
1445 1748 1571 1800 atque

238 1807 491 1862 acutissimi,
535 1822 641 1861 quae
683 1822 707 1848 a
746 1808 868 1849 nobis
908 1809 1001 1849 fieri
1040 1809 1251 1863 viderant,
1294 1824 1344 1851 ea
1383 1809 1572 1851 sollertia

239 1871 514 1926 effingebant,
544 1874 593 1912 ut
617 1872 753 1912 nostri
778 1872 948 1913 illorum
974 1887 1101 1927 opera
1130 1874 1287 1915 imitati
1317 1874 1570 1929 viderentur,

239 1938 281 1976 et
320 1950 395 1977 sua
431 1938 582 1989 sponte
620 1935 755 1977 multa
790 1937 1056 1991 reperiebant
1093 1952 1262 1992 unoque
1300 1941 1488 1992 tempore
1530 1943 1572 1980 et

238 2002 403 2041 nostras
446 2000 704 2042 munitiones
754 2000 1010 2042 infestabant
1053 2004 1095 2043 et
1138 2016 1235 2042 suas
1280 2002 1569 2045 defendebant.

240 2063 382 2118 Atque
418 2063 521 2106 haec
557 2065 768 2118 principes
806 2065 850 2105 in
882 2065 1069 2106 consiliis
1102 2066 1454 2120 contionibusque
1486 2069 1570 2123 agi-

240 2129 403 2169 tabant:
435 2128 647 2183 Populum
666 2128 904 2170 Romanum
929 2129 1135 2182 paulatim
1161 2131 1204 2171 in
1223 2131 1570 2174 consuetudinem

240 2194 329 2234 eius
354 2193 475 2248 regni
494 2193 725 2247 occupandi
743 2193 896 2234 venire.
945 2193 1097 2234 Paucis
1117 2194 1236 2235 annis
1257 2197 1352 2236 ante
1379 2194 1428 2236 A.
1448 2195 1569 2238 Gabi-

241 2258 358 2298 nium
397 2272 493 2299 cum
532 2257 718 2299 exercitu
754 2257 885 2299 fuisse
917 2258 961 2298 in
992 2257 1208 2313 Aegypto,
1245 2257 1495 2313 Pompeium
1526 2276 1569 2302 se

242 2336 293 2363 ex
317 2322 419 2376 fuga
444 2321 590 2363 eodem
615 2322 839 2376 recepisse3
871 2321 1089 2363 Gaesarem
1109 2323 1273 2364 venisse
1300 2337 1395 2365 cum
1421 2325 1569 2380 copiis,
