1638 2600
485 104 584 140 CAP.
611 105 930 140 LXV—LXVIHI.
1334 107 1388 148 87

52 200 199 256 vigilia
239 200 325 241 acie
367 201 575 241 instructa
618 201 932 255 impedimentis
973 201 1017 242 in
1058 201 1232 243 sinistra
1272 204 1391 256 parte

53 265 279 307 conlocatis
306 279 357 306 ex
383 279 431 306 eo
463 265 557 306 loco
589 266 873 319 proficiscitur
899 268 940 306 et
971 267 1164 319 pervenit
1196 265 1247 307 ad
1273 266 1389 320 oppi-

53 328 151 371 dum
181 327 340 383 Aggar,
373 329 485 383 quod
517 344 541 370 a
568 328 757 370 Gaetulis
790 344 912 383 saepe
945 333 1391 386 anteaoppugnatum

52 407 298 447 summaque
328 393 372 434 vi
402 408 478 447 per
508 394 626 448 ipsos
658 393 891 448 oppidanos
924 397 1013 435 erat
1046 395 1274 436 defensum.
1323 393 1389 436 Ibi
1416 407 1435 436 2

51 456 94 499 in
119 470 266 511 campo
293 457 442 498 castris
467 459 563 499 unis
595 457 746 512 positis
779 459 869 512 ipse
900 459 1207 501 frumentatum
1232 460 1390 501 circum

49 520 172 564 villas
210 535 306 562 cum
348 524 468 576 parte
513 522 720 564 exercitus
763 523 979 577 profectus
1019 538 1174 579 magno
1217 525 1389 566 invento

49 585 182 640 ordei,
214 585 313 640 olei,
344 587 452 641 vini,
492 588 562 629 fici
593 601 787 641 numero,
818 601 953 641 pauco
986 588 1139 643 tritici,
1172 591 1297 643 atque
1328 603 1388 630 re-

48 653 186 693 creato
213 650 403 692 exercitu
428 652 539 693 redit
564 652 609 693 in
635 653 783 693 castra.
847 649 988 706 Scipio
1021 652 1192 694 interim
1218 653 1388 708 cognito
1414 664 1435 694 3

49 712 237 756 Caesaris
271 713 457 756 discessu
484 729 580 756 cum
611 715 820 757 universis
848 716 980 770 copiis
1010 730 1086 771 per
1116 717 1265 772 iugum
1292 716 1388 759 Cae—

48 776 185 821 sarem
210 778 411 833 subsequi
444 781 583 834 coepit
614 783 739 835 atque
772 780 823 822 ab
856 781 945 822 eius
979 782 1128 822 castris
1153 781 1272 822 milia
1296 796 1388 835 pas-

46 857 171 885 suum
197 855 245 884 V1
275 843 402 898 longe
434 845 559 885 trinis
587 845 736 886 castris
763 845 996 900 dispertitis
1029 847 1161 901 copiis
1188 848 1387 889 consedit.

132 906 328 949 LXVIII.
391 907 605 963 Oppidum
650 912 739 951 erat
770 909 889 964 Zeta,
927 909 1039 964 quod
1071 910 1216 952 aberat
1247 926 1271 952 a
1302 910 1388 953 Sci·
1415 922 1432 952 1

44 972 170 1028 pione
207 972 327 1014 milia
362 987 565 1026 passuum
600 985 648 1027 X,
690 974 742 1014 acl
773 974 862 1014 eius
901 974 1118 1028 regionem
1150 977 1193 1015 et
1222 978 1386 1029 partem

44 1038 280 1078 castrorum
320 1037 604 1091 conlocatum,
647 1052 670 1078 a
702 1036 877 1078 Caesare
916 1040 1057 1079 autem
1090 1039 1302 1080 diversum
1340 1055 1387 1081 ac

44 1103 272 1155 remotum,
311 1101 425 1155 quod
457 1105 548 1142 erat
579 1102 630 1143 ab
664 1116 711 1143 eo
749 1102 875 1157 longe
906 1102 1025 1144 milia
1061 1118 1263 1157 passuum
1294 1116 1386 1146 XIV.

42 1163 139 1206 Huc
180 1164 321 1220 Scipio
365 1165 556 1221 legiones
601 1167 705 1207 duas
748 1167 1036 1208 frumentandi
1081 1168 1218 1222 gratia
1257 1169 1384 1210 misit.

43 1229 166 1280 Quod
195 1232 424 1284 postquam
452 1230 604 1271 Caesar
629 1245 680 1271 ex
711 1231 890 1286 perfuga
917 1232 1128 1286 cognovit,
1160 1234 1308 1274 castris
1335 1249 1386 1275 ex
1412 1246 1431 1276 2

42 1309 191 1349 campo
224 1295 268 1336 in
301 1295 451 1336 collem
484 1309 532 1336 ac
562 1296 723 1336 tutiora
754 1295 854 1337 loca
873 1296 1142 1351 conl[oc]atis
1175 1299 1300 1352 atque
1325 1299 1385 1340 ibi

41 1359 252 1414 praesidio
292 1359 439 1400 relicto
480 1359 571 1414 ipse
610 1362 761 1414 quarta
797 1360 946 1415 vigilia
986 1374 1179 1415 egressus
1219 1365 1386 1416 praeter

41 1423 232 1466 hostium
285 1426 423 1465 castra
475 1424 762 1479 proficiscitur
811 1438 907 1464 cum
957 1424 1089 1478 copiis
1139 1427 1180 1466 et
1229 1427 1383 1480 oppido

41 1489 214 1544 potitur.
275 1487 484 1544 Legiones
519 1488 730 1543 Scipionis
763 1488 970 1542 comperit
999 1488 1169 1543 longius
1200 1490 1245 1531 in
1271 1492 1383 1546 agris
1411 1505 1430 1534 3

40 1553 292 1595 frumentari
323 1556 383 1608 et,
421 1568 516 1595 cum
548 1568 596 1595 eo
635 1553 887 1595 contendere
920 1556 1159 1608 conaretur,
1200 1555 1383 1597 animad-

41 1619 168 1660 vertit
205 1618 347 1672 copias
378 1618 569 1659 hostium
606 1618 675 1660 his
711 1617 954 1673 legionibus
987 1633 1203 1660 occurrere
1235 1635 1383 1675 suppe-

40 1683 132 1724 tias.
178 1682 293 1732 Quae
318 1698 384 1724 res
417 1683 507 1725 eius
540 1684 747 1738 impetum
779 1683 1022 1724 retardavit.
1084 1682 1233 1738 Itaque
1259 1689 1382 1739 capto
1407 1698 1429 1728 4

42 1745 83 1788 C.
109 1746 296 1788 Minucio
327 1745 514 1802 Regino,
551 1745 692 1801 equite
723 1748 928 1802 Romano,
963 1746 1174 1802 Scipionis
1205 1749 1381 1791 familia-

39 1812 226 1866 rissimo,
271 1811 345 1866 qui
383 1812 421 1852 ei
459 1812 614 1866 oppido
645 1815 855 1866 praeerat,
899 1814 941 1853 et
977 1811 1022 1853 P.
1054 1811 1199 1868 Atrio,
1241 1815 1381 1869 equite

39 1874 231 1918 Romano
271 1876 320 1917 de
359 1879 568 1918 conventu
605 1875 818 1931 Uticensi,
860 1879 902 1917 et
934 1877 1104 1918 camelis
1138 1889 1237 1919 XXII
1268 1880 1380 1934 regis

40 1939 249 1994 abductis,
286 1941 496 1995 praesidio
534 1941 594 1982 ibi
626 1955 721 1982 cum
755 1939 891 1995 Oppio
929 1941 1071 1996 legato
1110 1942 1257 1984 relicto
1290 1944 1380 1998 ipse

40 2016 84 2045 se
114 2005 298 2058 recipere
331 2006 470 2060 coepit
501 2005 554 2046 ad
585 2008 733 2046 castra.

124 2067 341 2111 LXVIHI.
405 2069 511 2111 Cum
542 2070 627 2111 iam
658 2084 744 2111 non
775 2069 902 2125 longe
934 2085 958 2111 a
990 2071 1138 2112 castris
1167 2070 1377 2126 Scipionis
1406 2085 1422 2114 1

39 2131 213 2188 abesset,
246 2149 351 2188 quae
384 2149 480 2176 eum
511 2149 680 2176 necesse
712 2137 802 2176 erat
832 2136 1132 2191 praetergredi,
1163 2136 1377 2178 Labienus

37 2195 322 2253 Afraniusque
361 2214 457 2241 cum
495 2200 611 2241 omni
649 2199 840 2254 equitatu
880 2200 1048 2255 levique
1081 2204 1295 2243 armatura
1326 2217 1378 2244 ex

38 2259 200 2302 insidiis
239 2262 376 2304 adorti
415 2263 576 2318 agmini
614 2264 704 2305 eius
737 2267 924 2306 extremo
958 2280 1002 2307 se
1034 2266 1218 2306 offerunt
1250 2268 1375 2320 atque

31 2337 88 2382 ex
118 2325 296 2368 collibus
335 2328 485 2382 primis
523 2328 745 2370 exsistunt.
808 2328 930 2378 Quod
964 2332 1191 2383 postquam
1224 2328 1376 2371 Caesar
1402 2343 1421 2373 2
