1669 2574
292 112 345 153 38
483 86 486 88 ’
648 111 842 145 BELLUM
868 111 1267 146 ALEXANDRINUM.

292 211 504 261 catur-que,
535 221 586 247 ne
611 206 759 246 hostili
780 205 961 246 adventu
982 205 1219 249 Cordubam
1245 208 1490 261 diriperent:
1522 222 1618 249 nam

292 287 335 312 se
380 274 525 312 contra
564 269 755 310 Cassium
799 270 1034 311 consentire
1078 284 1172 311 cum
1213 271 1425 324 omnibus,
1476 273 1619 312 contra
1660 290 1661 306 ι

294 334 510 376 Caesarem
542 348 594 374 ne
624 334 759 376 faeere
780 337 1040 389 cogerentur,
1073 349 1200 376 orare.
1650 371 1653 376 .

380 397 555 439 LVIIH.
605 398 763 440 Tantae
802 398 1089 439 multitudinis
1126 400 1320 453 precibus
1359 402 1400 440 et
1436 399 1620 440 lacrimis
1657 422 1661 455 ¹,

293 462 501 503 exercitus
540 465 775 503 commotus
820 477 915 503 cum
958 463 1119 504 videret
1167 465 1219 504 ad
1257 463 1447 505 Cassium
1486 478 1620 517 perse-

294 527 505 579 quendum
543 527 650 568 nihil
688 541 793 581 opus
826 542 916 568 esse
949 526 1021 567 Cn.
1052 526 1227 582 Pompei
1267 529 1437 569 nomine
1468 531 1510 569 et
1539 542 1621 569 me-

293 591 427 631 moria
464 594 634 646 tamque
674 592 870 632 omnibus
904 591 1163 633 Caesarianis
1202 607 1326 646 quam
1354 592 1622 646 Pompeianis

292 655 532 710 Longinum
565 671 654 697 esse
686 657 728 696 in
756 656 851 697 odio
884 671 1018 710 neque
1051 671 1094 697 se
1127 660 1379 698 conventum
1407 671 1542 710 neque
1567 654 1622 696 M.

293 719 540 761 Marcellum
585 723 731 762 contra
776 720 964 761 Caesaris
1009 734 1176 761 causam
1221 735 1344 774 posse
1387 720 1644 778 perducere,v

295 799 447 825 nomen
477 784 653 839 Pompei
685 800 735 826 ex
768 785 898 826 scutis
932 785 1220 838 detraxerunt,
1256 784 1520 838 Marcellum,
1552 783 1625 838 qui

295 864 338 890 se
377 848 566 890 Caesaris
612 864 780 890 causam
825 850 1095 891 defensurum
1138 848 1435 902 profitebatur,
1479 849 1625 889 ducem

296 913 564 954 adsciverunt
612 916 932 968 praetoremque
982 913 1248 967 appellarunt
1290 915 1332 953 et
1374 915 1626 954 conventum

296 978 377 1019 sibi
421 978 704 1018 adiunxerunt
748 981 967 1032 castraque
1010 978 1062 1018 ad
1107 977 1344 1018 Cordubam
1383 979 1625 1031 posuerunt.

297 1042 466 1083 Cassius
499 1057 547 1083 eo
580 1042 708 1083 biduo
741 1043 907 1083 circiter
931 1054 978 1083 IV
1010 1042 1128 1083 milia
1164 1056 1364 1095 passuum
1390 1056 1413 1081 a
1434 1040 1627 1082 Corduba

296 1107 402 1148 citra
432 1107 589 1147 flumen
620 1106 786 1147 Baetim
824 1106 867 1147 in
900 1106 1044 1160 oppidi
1076 1108 1305 1160 conspectu.
1337 1105 1430 1146 loco
1462 1105 1626 1147 excelso

295 1171 398 1212 facit
435 1173 588 1224 castra,
630 1170 793 1211 litteras
832 1171 883 1211 ad
923 1184 1065 1225 regem
1096 1170 1314 1224 Bogudem
1345 1169 1389 1210 in
1420 1169 1627 1211 Maureta·
1658 1185 1659 1198 ³

296 1236 410 1276 niam
454 1237 495 1275 et
539 1235 591 1275 ad
629 1234 684 1275 M.
716 1234 923 1289 Lepidum
966 1235 1260 1288 proconsulem
1298 1234 1341 1274 in
1377 1233 1628 1288 Hispaniam

298 1299 534 1340 citeriorem
565 1299 718 1352 mittit,
751 1299 938 1340 subsidio
972 1299 1053 1340 sibi
1084 1299 1406 1353 provinciaeque
1439 1298 1627 1340 Caesaris

298 1378 423 1404 causa
455 1378 580 1416 quam
618 1363 803 1416 primum
833 1363 1007 1404 veniret.
1069 1362 1164 1417 Ipse
1194 1362 1342 1403 hostili
1373 1362 1498 1404 modo
1531 1362 1628 1404 Cor-

299 1427 549 1469 dubensium
582 1441 706 1481 agros
738 1430 887 1481 vastat,
919 1427 1109 1468 aedificia
1138 1427 1334 1468 incendit.

385 1491 471 1532 LX.
517 1490 646 1532 Cuius
679 1491 739 1532 rei
773 1491 1038 1532 deformitate
1065 1494 1190 1545 atque
1217 1491 1470 1545 indignitate
1500 1491 1628 1546 legio·

298 1571 384 1610 nes,
417 1570 522 1609 quae
542 1554 790 1596 Marcellum
817 1556 898 1596 sibi
931 1556 1077 1597 ducem
1104 1558 1311 1609 ceperant,
1337 1555 1389 1596 ad
1415 1570 1509 1597 eum
1536 1571 1628 1597 con-

300 1622 537 1673 currerunt,
581 1622 629 1659 ut
665 1619 710 1660 in
748 1620 879 1661 aciem
911 1620 1203 1673 educerentur,
1247 1622 1386 1673 orant,
1428 1620 1657 1674 priusque

300 1684 554 1738 confligendi
592 1684 673 1724 sibi
711 1686 899 1738 potestas
930 1685 1067 1738 fieret,
1103 1699 1228 1738 quam
1261 1698 1356 1725 cum
1387 1686 1506 1725 tanta
1536 1699 1629 1726 con·

300 1749 475 1790 tumelia
511 1747 800 1789 nobilissimae
834 1748 1174 1803 clarissimaeque
1205 1748 1492 1802 possessiones
1534 1748 1657 1790 Cor-

301 1813 552 1854 dubensium
584 1813 628 1853 in
660 1816 888 1867 conspectu
921 1828 996 1854 suo
1028 1813 1205 1867 rapiniS,
1235 1812 1347 1854 ferro
1379 1813 1656 1867 flammaque·

301 1879 656 1919 consumerentur.
707 1877 932 1919 Marcellus
965 1892 1059 1919 cum
1091 1877 1316 1931 confligere
1347 1877 1630 1918 miserrimum

300 1944 479 1996 putaret,
512 1941 624 1995 quod
656 1944 697 1982 et
727 1942 899 1983 victoris
927 1945 969 1983 et
992 1942 1094 1983 victi
1127 1941 1426 1982 detrimentum
1458 1941 1510 1982 ad
1535 1955 1631 1982 eun-
1655 1978 1657 1983 ⁴

302 2007 396 2047 dem
428 2005 646 2047 Caesarem
685 2009 795 2046 esset
826 2006 1174 2059 redundaturum,
1212 2020 1347 2059 neque
1385 2019 1483 2046 suae
1517 2008 1655 2059 pote-

302 2071 424 2112 statis
438 2070 467 2123 †
481 2072 602 2124 esset,
627 2070 815 2125 legiones
835 2070 1000 2111 Baetim
1015 2070 1199 2110 traducit
1214 2070 1427 2123 aciemque
1447 2069 1631 2111 instruit.
1654 2057 1656 2144 ζ

303 2134 407 2176 Cum
436 2132 625 2175 Cassium
655 2137 800 2175 contra
830 2150 907 2188 pro
934 2135 1021 2175 suis
1049 2134 1197 2175 castris
1225 2134 1355 2175 aciem
1382 2133 1632 2175 instruxisse

301 2199 394 2240 loco
432 2199 646 2253 superiore
684 2199 862 2252 videret,
902 2213 1027 2240 causa
1064 2198 1331 2252 interposita,
1373 2198 1486 2252 quod
1523 2199 1558 2239 is
1591 2199 1656 2250 in

304 2278 483 2318 aequum
520 2278 604 2304 non
637 2263 922 2317 descenderet,
963 2262 1188 2304 Marcellus
1227 2263 1435 2304 militibus
1467 2277 1654 2317 persua-

304 2328 388 2380 det,
420 2330 468 2368 ut
500 2342 543 2368 se
575 2327 779 2381 recipiant
811 2327 854 2367 in
887 2330 1032 2368 castra.
1096 2326 1243 2381 Itaque
1270 2328 1412 2381 copias
1439 2327 1654 2368 reducere
