1669 2574
163 222 183 250 4

166 1584 185 1612 10

213 114 234 154 1
243 114 297 154 14
604 112 798 147 BELLUM
823 111 1155 147 HISPANIENSE.

212 209 472 263 accederent,
511 223 555 250 se
587 211 755 249 scutum
787 223 878 249 esse
908 208 1162 263 positurum.
1224 209 1316 259 Qua
1347 224 1420 264 spe
1453 225 1556 252 non-

210 274 334 329 nulli,
372 274 473 314 dum
511 273 601 314 sine
640 272 828 326 periculo
866 287 1034 314 murum
1067 274 1289 316 ascendere
1321 277 1364 316 et
1396 275 1553 329 oppido

212 339 340 393 potiri
378 353 502 393 posse
540 352 584 378 se
623 340 812 392 sperant,
849 340 1019 392 postero
1059 339 1124 380 die
1162 339 1214 380 ad
1244 354 1413 380 murum
1447 354 1554 393 opus

211 404 346 445 faeere
385 405 633 457 coeperunt,
671 405 713 444 et
750 402 857 444 bene
894 417 1050 458 magna
1088 404 1242 458 prioris
1280 404 1391 445 muri
1435 406 1557 458 parte

213 469 374 509 deiecta
401 500 558 509 ......
590 465 683 516 Quo
721 466 834 508 facto
874 467 926 508 ab
959 468 1199 523 oppidanis,
1237 483 1284 510 ac
1316 469 1352 510 si
1384 483 1556 510 suarum

213 532 397 587 partium
431 534 590 586 essent,
626 532 863 573 conservati
894 566 1078 573 .......
1108 533 1261 574 missos
1291 533 1427 575 facere
1458 532 1558 573 lori-

212 600 346 651 catos,
391 597 464 651 qui
508 596 708 651 praesidii
747 611 874 638 causa
910 598 1143 651 praepositi
1181 598 1335 652 oppido
1373 613 1397 639 a
1434 597 1558 638 Pom-

211 663 305 716 peio
339 664 491 715 essent,
524 661 713 702 orabant.
771 661 935 711 Quibus
961 662 1181 716 respondit
1206 661 1358 704 Caesar
1390 678 1434 704 se
1460 677 1557 704 con-

216 727 404 769 diciones
455 726 571 781 dare,
621 741 705 767 non
753 727 941 781 accipere
991 727 1270 769 consuevisse.
1343 726 1412 768 Illi
1461 741 1556 768 cum

211 792 253 833 in
287 792 491 846 oppidum
523 792 810 846 revertissent,
845 791 980 833 relato
1009 782 1215 846 responso
1248 791 1429 834 clamore
1462 792 1557 833 sub·

210 857 296 898 lato
336 857 452 898 omni
491 870 644 912 genere
682 856 867 898 telorum
906 857 1061 898 emisso
1100 871 1289 912 pugnare
1327 872 1403 911 pro
1435 871 1558 898 muro

211 926 303 964 toto
341 924 590 976 coeperunt,
634 924 809 976 propter
847 922 961 977 quod
992 922 1080 964 fere
1111 936 1265 977 magna
1296 936 1394 976 pars
1424 921 1559 963 homi-

210 1003 330 1041 num,
375 987 447 1041 qui
492 986 536 1027 in
580 986 731 1028 castris
774 987 933 1028 nostris
973 990 1131 1041 essent,
1174 1002 1259 1028 non
1298 987 1560 1040 dubitarunt,

213 1053 315 1107 quin
361 1051 627 1106 eruptionem
673 1066 720 1092 eo
766 1051 832 1093 die
877 1055 1018 1093 essent
1061 1052 1226 1094 facturi.
1294 1051 1361 1093 Ita
1405 1065 1561 1093 corona

211 1117 472 1159 circumdata
508 1119 747 1171 pugnatum
785 1119 851 1158 est
883 1116 1146 1171 aliquamdiu
1177 1116 1561 1171 vehementissime,

212 1182 423 1236 simulque
455 1181 629 1222 ballista
665 1181 798 1223 missa
830 1196 854 1222 a
885 1182 1043 1222 nostris
1075 1185 1237 1222 turrem
1270 1181 1439 1235 deiecit,
1477 1195 1562 1235 qua

212 1246 563 1301 adversariorum,
596 1247 669 1300 qui
696 1246 739 1287 in
766 1261 814 1287 ea
839 1249 955 1288 turre
981 1246 1162 1301 fuerant,
1195 1246 1382 1301 quinque
1408 1245 1559 1288 deiecti

212 1315 312 1354 sunt
345 1314 387 1353 et
418 1326 541 1366 puer,
573 1311 646 1365 qui
678 1310 895 1353 ballistam
928 1311 1081 1353 solitus
1114 1314 1204 1352 erat
1235 1311 1470 1353 observare.

300 1375 440 1418 XIIII.
501 1375 608 1416 Eius
652 1376 871 1429 praeteriti
915 1377 1120 1430 temporis
1167 1376 1395 1430 Pompeius
1439 1379 1558 1417 trans

212 1444 369 1484 fiumen
409 1440 577 1482 Salsum
622 1440 844 1482 castellum
886 1442 1111 1483 constituit
1154 1456 1290 1495 neque
1334 1456 1358 1482 a
1400 1441 1560 1482 nostris

212 1507 455 1562 prohibitus
494 1505 686 1560 falsaque
724 1505 799 1547 illa
837 1507 1035 1561 opinione
1075 1506 1282 1562 gloriatus
1320 1509 1402 1561 est,
1447 1506 1561 1561 quod

212 1587 343 1627 prope
382 1572 425 1612 in
464 1571 622 1612 nostris
660 1571 854 1625 partibus
892 1571 1033 1613 locum
1072 1572 1289 1613 tenuisset.
1352 1570 1461 1613 Item
1499 1571 1561 1613 in-

212 1637 406 1691 sequenti
445 1636 511 1677 die
550 1636 695 1677 eadem
734 1637 1039 1678 consuetudine
1078 1637 1178 1678 dum
1215 1636 1386 1691 longius
1418 1651 1560 1691 prose—

213 1702 375 1756 quitur,
414 1715 497 1755 quo
535 1700 628 1741 loco
668 1701 832 1755 equites
870 1702 1005 1743 nostri
1044 1702 1270 1743 stationem
1308 1701 1559 1756 habuerant,

213 1765 376 1819 aliquot
415 1768 580 1806 turmae
619 1779 712 1806 cum
752 1765 835 1807 levi
875 1770 1090 1808 armatura
1126 1767 1288 1821 impetu
1320 1766 1433 1808 facto
1465 1766 1560 1808 loco

213 1833 312 1871 sunt
345 1829 496 1871 deiecti
529 1832 571 1871 et
602 1833 777 1884 propter
808 1831 1065 1885 paucitatem
1098 1835 1342 1873 nostrorum
1368 1832 1560 1886 equitum

213 1894 340 1936 simul
380 1909 475 1936 cum
514 1893 597 1935 levi
638 1898 854 1937 armatura
886 1896 997 1937 inter
1028 1900 1191 1938 turmas
1223 1897 1559 1938 adversariorum

166 1972 185 2001 3
214 1960 396 2015 protriti.
476 1958 570 2000 Hoc
624 1959 667 2000 in
719 1964 946 2015 conspectu
996 1965 1274 2015 utrorumque
1324 1964 1559 2003 castrorum

168 2362 181 2392 1

215 2025 451 2081 gerebatur,
483 2027 527 2065 et
557 2024 716 2066 maiore
742 2024 991 2079 Pompeiani
1019 2026 1267 2067 exultabant
1293 2025 1439 2080 gloria,
1471 2026 1560 2066 lon-

215 2091 311 2145 gius
344 2090 458 2144 quod
489 2089 647 2130 nostris
673 2089 919 2132 cedentibus
946 2091 1145 2144 prosequi
1173 2090 1421 2144 coepissent.
1478 2089 1561 2140 Qui

213 2171 308 2197 cum
350 2168 484 2209 aequo
521 2154 615 2195 loco
654 2169 678 2194 a
714 2155 874 2195 nostris
906 2156 1065 2210 recepti
1097 2157 1254 2209 essent,
1286 2158 1335 2196 ut
1366 2169 1561 2196 consues-

214 2223 325 2274 sent,
376 2235 426 2261 ex
472 2218 601 2260 simili
645 2219 804 2260 virtute
849 2219 1032 2261 clamore
1076 2220 1188 2261 facto
1234 2221 1415 2261 aversati
1460 2223 1561 2261 sunt

213 2284 421 2340 proelium
454 2284 601 2325 facere.

302 2348 395 2390 XV.
443 2348 546 2390 Fere
574 2349 684 2403 apud
711 2349 921 2391 exercitus
947 2349 1050 2391 haec
1077 2353 1141 2391 est
1167 2351 1376 2404 equestris
1409 2349 1560 2404 proelii
