1638 2600
533 98 635 134 CAP.
661 95 958 132 XVIIII-XXII.
1342 91 1424 133 119

75 202 266 254 tempore
304 197 472 239 circiter
504 208 551 237 XI
589 194 754 249 equites
792 192 844 234 ad
883 194 1108 246 aquatores
1148 191 1318 230 nostros
1359 202 1426 228 ex-

77 265 375 317 cucurrerunt,
413 260 642 303 nonnullos
674 258 996 311 interfecerunt,
1035 257 1138 298 item
1170 254 1276 296 alios
1307 254 1427 294 vivos

77 329 363 382 abduxeru11t3
405 342 426 368 e
466 326 620 380 quibus
657 323 772 377 eapti
809 325 910 363 sunt
949 322 1113 376 equites
1153 332 1247 361 v111.
1316 317 1426 360 Inse-
1454 329 1473 355 3

77 394 225 449 quenti
259 393 324 434 die
352 391 581 445 Pompeius
613 388 751 431 securi
782 387 994 442 percussit
1024 386 1220 428 homines
1252 396 1430 437 LXX1111,

79 459 153 514 qui
197 458 447 500 dicebantur
485 470 576 497 esse
613 455 801 495 fautores
841 452 1033 494 Caesaris
1071 450 1294 504 victoriae,
1336 448 1428 490 reli-

79 538 187 578 quos
219 537 367 564 rursus
399 521 443 563 in
476 520 679 575 oppidum
712 517 838 559 iussit
869 517 1036 571 deduci,
1069 530 1120 557 ex
1147 516 1303 570 quibus
1329 515 1429 556 effu-

83 591 238 644 gerunt
270 598 363 629 CXX
395 589 437 627 et
469 586 521 627 ad
554 584 775 626 Caesarem
807 585 1026 623 venerunt.

166 650 302 694 XXII.
370 650 464 691 Hoc
514 649 744 704 praeterito
794 650 1005 701 tempore,
1056 646 1129 700 qui
1180 646 1224 686 in
1271 644 1428 699 oppido
1458 653 1474 682 1

80 717 253 773 Ategua
290 715 583 758 Ursaonenses
628 713 740 768 capti
782 715 900 766 sunt,
942 711 1075 766 legati
1113 711 1295 765 profecti
1332 711 1433 751 sunt

82 798 178 826 cum
211 781 389 835 nostris,
422 781 485 821 uti
517 795 607 822 rem
639 781 803 834 gestam
835 776 1182 819 Ursaonensibus
1214 775 1434 827 referrent,

80 848 185 903 quid
217 849 438 901 sperarent
470 846 519 887 de
546 845 620 886 Cn.
646 843 863 897 Pompeio,
895 857 991 884 cum
1017 841 1211 883 viderent
1241 840 1434 894 hospites

79 912 285 968 iugulari,
316 914 535 966 praeterea
564 909 701 951 multa
732 907 892 950 scelera
920 907 972 948 ab
1000 907 1053 948 iis
1079 906 1185 961 fieri,
1217 905 1291 960 qui
1316 919 1432 959 prae-

83 978 182 1020 sidii
215 992 342 1018 causa
373 977 425 1017 ab
458 977 509 1017 iis
545 975 844 1029 reciperentur.
908 971 991 1021 Qui
1022 985 1113 1013 cum
1145 971 1198 1012 ad
1230 970 1433 1025 oppidum
1461 978 1480 1008 2

79 1043 308 1093 venissent,
341 1042 489 1094 nostri,
522 1041 595 1095 qui
626 1040 810 1081 fuissent
842 1037 1007 1091 equites
1033 1036 1218 1078 Romani
1250 1039 1293 1077 et
1318 1049 1434 1076 sena-

81 1111 210 1162 tores,
241 1122 326 1149 non
359 1109 460 1147 sunt
491 1106 583 1147 ausi
616 1104 794 1146 introire
821 1103 864 1144 in
891 1102 1109 1156 oppidum,
1136 1103 1435 1156 praeterquam

82 1173 156 1227 qui
201 1171 292 1213 eius
337 1170 523 1211 civitatis
567 1169 761 1210 fuissent.
831 1167 1022 1217 Quorum
1066 1166 1282 1221 responsis
1320 1165 1435 1207 ultro
1462 1175 1482 1204 3

82 1237 274 1290 citroque
313 1235 497 1289 acceptis
535 1237 577 1275 et
614 1234 793 1275 redditis
831 1247 928 1274 cum
967 1232 1020 1273 ad
1055 1235 1226 1273 nostros
1259 1246 1303 1273 se
1334 1230 1435 1272 reci-

81 1303 243 1357 perent,
275 1299 349 1354 qui
381 1302 501 1340 extra
533 1299 737 1353 oppidum
769 1298 964 1352 fuissent,
996 1297 1060 1338 illi
1090 1296 1302 1351 praesidio
1330 1296 1436 1337 inse-

82 1366 171 1408 cuti
209 1381 261 1407 ex
296 1364 489 1407 Ursaone
525 1364 692 1420 legatos
732 1362 993 1418 iugularunt.
1055 1362 1152 1404 Duo
1191 1361 1347 1416 reliqui
1386 1376 1437 1402 ex

82 1432 143 1474 eis
169 1431 375 1486 fugerunt
400 1433 443 1472 et
469 1429 639 1472 Caesari
664 1443 754 1470 rem
781 1430 945 1484 gestam
972 1427 1218 1469 detulerunt
1242 1459 1428 1467 .......

83 1500 125 1539 et
163 1495 452 1551 speculatores
491 1496 543 1536 ad
581 1494 786 1549 oppidum
817 1492 1033 1549 Ateguam
1071 1493 1292 1534 miserunt.
1355 1490 1438 1540 Qui
1464 1502 1485 1532 4

83 1577 179 1605 cum
212 1564 375 1603 certum
407 1561 727 1615 comperissent,
757 1558 998 1614 legatorum
1027 1573 1234 1613 responsa
1259 1558 1320 1599 ita
1345 1572 1437 1599 esse

85 1629 216 1682 gesta,
243 1625 599 1680 quemadmodum
627 1624 690 1666 illi
716 1623 996 1679 rettulissent,
1021 1624 1073 1665 ab
1096 1623 1322 1678 oppidanis
1343 1637 1438 1664 con-

85 1705 212 1734 cursu
242 1691 356 1732 facto
390 1705 498 1745 eum,
530 1690 604 1745 qui
636 1689 802 1745 legatos
834 1688 1083 1744 iugulasset,
1115 1688 1306 1743 lapidare
1332 1691 1374 1729 et
1400 1688 1439 1728 ei

87 1771 240 1798 manus
266 1756 476 1797 intentare
503 1758 750 1810 coeperunt:
784 1754 900 1796 illius
927 1768 1056 1808 opera
1081 1767 1125 1794 se
1150 1754 1324 1808 perisse.
1375 1751 1442 1794 Ita
1468 1763 1487 1793 5

84 1821 158 1862 vix
189 1821 378 1875 periculo
409 1821 615 1862 liberatus
648 1820 774 1874 petiit
806 1819 857 1860 ab
885 1818 1122 1873 oppidanis,
1153 1821 1203 1859 ut
1227 1818 1266 1859 ei
1290 1818 1441 1859 liceret

85 1886 275 1942 legatum
314 1886 367 1927 ad
399 1885 621 1927 Caesarem
659 1885 889 1940 proficisci:
934 1884 998 1925 illi
1031 1899 1075 1925 se
1108 1883 1440 1925 satisfacturum.

87 1951 307 1993 Potestate
334 1951 432 1993 data
457 1966 553 1993 cum
580 1950 678 1992 inde
705 1952 817 1992 esset
842 1949 1072 2004 profectus,
1097 1948 1310 2003 praesidio
1331 1963 1440 1990 eom·
1469 1960 1488 1989 6

24 2040 26 2042 ·
88 2019 251 2071 parato,
283 2030 379 2057 cum
408 2016 515 2057 bene
540 2029 741 2070 magnam
767 2029 941 2056 manum
968 2014 1140 2056 fecisset
1166 2017 1208 2055 et
1234 2016 1442 2055 nocturno

89 2083 282 2136 tempore
308 2096 384 2136 per
409 2081 623 2122 fallaciam
651 2081 695 2122 in
722 2080 927 2134 oppidum
954 2082 1065 2122 esset
1091 2081 1299 2133 receptus,
1324 2079 1444 2133 iugu-

94 2145 299 2188 lationem
336 2161 537 2203 magnam
575 2146 680 2187 facit
716 2145 1084 2200 principibusque,
1123 2144 1196 2198 qui
1233 2144 1315 2185 sibi
1350 2158 1444 2184 con-

92 2211 216 2252 trarii
242 2211 440 2267 fuissent,
471 2211 709 2253 interfectis
736 2211 940 2265 oppidum
967 2211 1010 2251 in
1037 2224 1157 2251 suam
1189 2211 1446 2263 potestatem

93 2275 258 2330 recipit.
312 2275 407 2318 Hoc
439 2277 670 2331 praeterito
704 2279 895 2331 tempore
927 2275 1039 2317 servi
1070 2274 1316 2329 transfugae
1342 2288 1446 2314 nun·
1475 2286 1492 2316 7

94 2340 309 2382 tiaverunt
341 2341 650 2396 oppidanorum
675 2341 788 2383 bona
818 2341 963 2383 venire
990 2354 1126 2394 neque
1147 2342 1267 2381 extra
1286 2338 1446 2380 vallum
