1638 2600
600 91 624 126 1.
653 89 933 127 ORATIONES.
1351 94 1431 134 137

189 185 287 219 Non.
320 185 486 220 Marcell.
516 198 552 230 p.
580 188 662 228 354,
693 188 718 219 8
752 185 827 219 Μ..-
874 185 908 220 C.
943 185 1093 229 Caesar,
1136 197 1216 222 cum
1247 187 1436 222 Plautiam

94 232 212 268 suasit
236 233 474 277 royationem:
502 235 540 267 et
565 233 715 278 quidem
739 231 831 266 mihi
857 232 1002 267 videtur
1026 245 1091 279 pro
1118 233 1339 268 necessitate
1363 245 1435 269 non

97 278 236 322 labore,
261 289 335 313 non
362 290 484 324 opera,
510 291 583 315 non
609 279 793 314 industria
819 279 989 315 defuisse.

191 325 334 361 Sueten.
363 327 460 362 Caes.
489 330 529 361 5:
581 328 786 363 Tribunatu
818 327 991 369 militum,
1023 328 1086 372 qui
1114 329 1254 372 primus
1282 328 1436 363 Romam

93 384 231 410 reverso
258 385 325 418 per
353 375 534 420 suffragia
560 375 691 420 populi
721 375 834 409 honor
858 375 1003 419 optigit,
1037 380 1171 410 actores
1195 376 1435 411 restituendae

93 421 312 457 tribuniciae
343 423 548 465 potestatis,
584 423 688 457 cuius
717 422 790 456 vim
820 421 926 456 Sulla
956 423 1195 465 diminuerat,
1231 424 1436 458 enioeissime

94 469 197 503 iuvit.
248 468 292 502 L.
319 469 426 503 etiam
454 469 594 504 Cinnae
618 469 745 504 umoris
768 469 898 512 fratri,
926 473 958 503 et
982 470 1046 514 qui
1070 481 1150 505 cum
1174 481 1212 505 eo
1237 471 1338 505 civili
1362 471 1434 505 dis-

93 515 220 551 cordia
246 515 427 560 Lepidum
451 517 562 552 secuti
581 521 664 561 post
687 527 804 551 necem
828 517 986 551 consulis
1014 517 1063 551 acl
1088 517 1285 552 Sertorium
1310 518 1434 560 confu-

91 566 232 608 9erant,
255 563 411 598 reditum
436 564 477 598 in
501 564 679 599 civitatem
702 563 887 609 royatione
907 564 1031 599 Plotia
1056 566 1218 607 confecit,
1243 565 1436 610 habuitque

92 614 127 645 et
151 610 226 655 ipse
249 621 357 655 super
381 622 424 645 ea
448 622 485 646 re
510 612 716 647 contionem.

131 750 459 790 Laudationes
491 753 649 791 Iuliae
679 753 851 790 amitae
883 755 923 790 et
955 750 1201 790 Corneliae
1231 754 1396 791 uxoris

513 830 548 856 a.
574 830 611 856 u.
638 829 666 855 c.
698 816 942 855 DCLXXX
949 817 1017 855 VI.

190 892 333 928 Sueton.
362 894 459 929 Caes.
487 897 519 929 6.
572 894 746 939 Quaestor
769 895 908 929 Iuliam
935 894 1085 929 amitam
1109 903 1324 938 uxoremque
1351 893 1436 928 Cor·

93 941 229 975 neliam
261 941 451 984 defunctas
485 942 651 977 laudavit
681 953 698 977 e
727 953 823 977 more
854 952 926 986 pro
956 941 1093 976 rostris.
1150 941 1204 976 Et
1234 941 1275 975 in
1305 941 1438 976 amitae

95 988 239 1032 quidem
278 989 488 1024 laudatione
525 990 568 1024 de
604 990 681 1024 eius
718 1000 761 1024 ac
793 989 913 1034 patris
946 989 1005 1024 sui
1035 992 1188 1033 utraque
1218 988 1357 1033 oriyine
1387 989 1439 1023 sic

94 1036 219 1077 refert:
246 1034 394 1069 Amitae
419 1046 524 1070 meae
543 1035 661 1070 Iuliae
686 1038 895 1070 maternum
920 1046 1035 1081 genus
1062 1035 1109 1069 ab
1134 1034 1285 1080 regibus
1305 1036 1437 1078 ortum,

94 1084 292 1127 paternum
330 1094 412 1117 eum
450 1082 521 1116 diis
558 1082 831 1118 immortah'bus
869 1082 1107 1117 conjunctum
1138 1084 1203 1117 est.
1260 1082 1357 1116 Nam
1390 1082 1437 1116 ab

95 1130 198 1164 Anco
230 1129 370 1164 Marcio
410 1132 496 1164 sunt
526 1130 658 1165 Marcii
689 1130 826 1176 Reges,
858 1141 931 1174 quo
963 1129 1109 1164 nomine
1140 1129 1213 1164 fuit
1242 1131 1378 1164 mater:
1418 1140 1439 1163 a

95 1176 238 1211 Venere
272 1175 374 1220 Iulii,
413 1177 516 1211 euius
554 1177 677 1222 gentis
714 1177 859 1211 familia
897 1179 953 1212 est
988 1179 1127 1212 nostra.
1182 1176 1250 1211 Est
1281 1187 1368 1222 ergo
1400 1176 1439 1210 in

95 1233 231 1269 genere
255 1225 293 1258 et
312 1223 493 1259 sanctitas
512 1234 652 1270 regum⁷
678 1224 743 1269 qui
762 1224 964 1270 plurimum
982 1224 1081 1259 inter
1099 1223 1265 1258 homines
1285 1223 1438 1268 pollent,

93 1272 133 1305 et
158 1269 384 1305 caerimonia
410 1271 579 1316 deorum,
606 1283 761 1316 quorum
786 1271 858 1317 ipsi
882 1271 921 1305 in
946 1273 1132 1316 potestate
1158 1272 1243 1305 sunt
1267 1281 1383 1316 reges.

190 1318 289 1353 Plut.
318 1318 416 1353 Caes.
444 1322 475 1354 5.
520 1322 593 1364 Τῆς
617 1317 770 1363 Μαρίου
795 1318 972 1364 γυναικὸς
992 1317 1149 1358 Ἰουλίας
1172 1317 1440 1363 ἀποθανούσης

95 1363 321 1410 ἀδελφιδοῦς
346 1363 398 1400 ὢν
424 1367 538 1411 αὐτῆς
563 1365 743 1411 ἐγκώμιόν
767 1378 805 1400 τε
830 1366 997 1411 λαμπρὸν
1021 1365 1060 1401 ἐν
1080 1366 1198 1412 ἀγορᾷ
1220 1366 1350 1410 διῆλκθε
1374 1394 1379 1399 .
1403 1393 1408 1399 .
1433 1394 1438 1399 .

98 1412 150 1447 Τὸ
183 1411 250 1457 μὲν
275 1410 343 1448 οὖν
369 1412 428 1463 ἐζτὶ
454 1413 600 1459 γυναιξὶ
624 1411 887 1460 πρεσβυτέραις
911 1413 1042 1459 λόγους
1066 1411 1286 1457 ἐπιταφίους
1311 1410 1438 1454 διεξιέ-

94 1473 159 1494 ναι
195 1459 353 1504 πάτριον
382 1462 430 1505 ἠν
462 1459 670 1506 Ῥωμαίοις,
708 1459 810 1501 νέαις
842 1461 883 1496 δὲ
915 1461 981 1495 οὐκ
1015 1458 1058 1495 ὃν
1089 1459 1129 1495 ἐν
1161 1459 1265 1495 ἔθνει
1295 1465 1440 1503 πρῶτος

93 1504 175 1542 εἷπε
200 1510 344 1551 Καῖσαρ
372 1507 432 1543 ἐπὶ
456 1514 520 1554 τῆς
545 1508 678 1543 ἑαυτοῦ
704 1508 880 1554 γυναικὸς
905 1507 1181 1552 ἀποθανούσης.

94 1649 258 1688 Oratio
295 1651 348 1689 de
370 1653 539 1698 poenis
572 1652 923 1689 coniuratorum
948 1663 982 1688 a.
1002 1663 1040 1688 u.
1061 1661 1089 1688 c.
1115 1648 1436 1687 DCLXXXXI.

191 1728 262 1763 Cic.
289 1728 330 1763 in
356 1728 504 1764 Catilin.
531 1729 604 1772 IV,
624 1731 656 1763 7.
714 1728 825 1763 Video
855 1728 949 1762 duas
981 1727 1100 1762 adhuc
1131 1736 1202 1761 esse
1231 1725 1439 1767 sententias,

82 1786 209 1816 ,unam
238 1776 288 1810 D.
315 1776 455 1819 Silani,
492 1777 555 1821 qui
586 1780 700 1811 censet
729 1786 803 1818 eos,
838 1775 901 1820 qui
931 1775 1016 1809 haec
1047 1774 1160 1809 delere
1190 1772 1312 1807 conati
1342 1776 1439 1814 sunt,

94 1826 205 1858 morte
235 1834 307 1858 esse
336 1824 559 1866 multandos,
591 1824 742 1858 alteram
769 1823 805 1857 C.
835 1822 1018 1864 Caesaris,
1049 1822 1113 1865 qui
1137 1820 1262 1855 mortis
1282 1829 1437 1864 poenam

94 1875 257 1914 removet,
281 1875 474 1906 ceterorum
491 1871 753 1915 suppliciorum
771 1870 888 1905 omnis
907 1869 1116 1904 acerbitates
1135 1867 1362 1912 amplectitur
1383 1894 1390 1900 .
1408 1895 1413 1900 .
1432 1893 1438 1900 .

95 1917 199 1954 Alter
225 1918 391 1962 (Caesar)
423 1919 596 1964 intellegit
626 1922 771 1953 mortem
802 1918 847 1952 ab
878 1917 936 1952 dis
967 1916 1230 1951 immortalibus
1259 1924 1335 1948 non
1369 1924 1440 1948 esse

93 1967 269 2011 supplicii
304 1977 415 2001 causa
446 1967 694 2008 constitutam,
730 1965 791 2000 sed
823 1969 888 1999 aut
917 1964 1158 1998 necessitatem
1187 1966 1343 1997 naturae
1376 1964 1441 1995 aut

97 2013 261 2048 laborum
286 2025 329 2049 ac
352 2014 581 2048 miseriarum
606 2013 755 2057 quietem
774 2023 855 2047 esse.
893 2011 1021 2056 Itaque
1041 2022 1118 2045 eam
1137 2010 1315 2054 sapientes
1334 2019 1438 2042 num-

97 2071 204 2105 quam
235 2061 361 2104 inviti,
391 2061 500 2104 fortes
523 2071 628 2104 saepe
653 2061 760 2095 etiam
786 2060 944 2094 lubenter
969 2058 1226 2103 oppetiverunt.
1283 2055 1441 2108 Vincula

96 2118 196 2151 vero,
220 2113 253 2144 et
276 2120 318 2143 ea
342 2109 574 2152 sempiterna,
599 2112 689 2142 certe
713 2107 763 2141 ad
787 2106 1008 2152 sinqularem
1028 2116 1184 2149 poenam
1207 2103 1345 2146 nefarii
1369 2113 1440 2137 sce-

99 2154 183 2189 leris
206 2155 353 2190 inventa
377 2159 472 2191 sunt.
523 2155 746 2199 Municipiis
770 2153 955 2198 dispertiri
980 2153 1085 2187 iubet.
1418 2196 1423 2202 ¹

192 2202 288 2237 Ibid.
313 2203 340 2249 5
365 2205 400 2238 8.
449 2202 633 2248 Adiunyit
667 2212 811 2248 yravem
844 2211 999 2245 poenam
1031 2198 1259 2242 municipiis,
1296 2197 1441 2250 siquis

97 2258 220 2283 eorum
243 2250 390 2285 vincula
412 2250 554 2294 ruperit
560 2263 573 2292 ;
606 2249 793 2284 horribiles
817 2248 1001 2283 custodias
1025 2246 1225 2282 circumdat
1249 2248 1281 2279 et
1305 2244 1439 2289 dignas

98 2296 224 2331 scelere
241 2297 424 2332 hominum
438 2297 663 2342 perditorum
670 2310 683 2340 ;
707 2296 836 2338 sancit,
860 2306 905 2330 ne
924 2295 1005 2340 quis
1024 2305 1144 2329 eorum
1164 2302 1331 2337 poenam,
1351 2301 1439 2344 quos

97 2343 328 2387 condemnat,
364 2349 429 2379 aut
460 2355 527 2388 per
562 2348 726 2380 senatum
756 2348 822 2379 aut
854 2353 920 2387 per
951 2342 1128 2387 populum
1160 2340 1275 2374 levare
1304 2342 1440 2384 possit,-

172 2408 204 2434 ο.
224 2409 361 2436 mnes
382 2408 546 2435 CAESAR.
578 2410 634 2435 111.
1184 2401 1226 2431 10
