1638 2600
569 681 987 728 PRAEFATIO.

220 861 374 900 Invitus
406 873 529 911 paene
562 874 631 900 nec
663 861 746 899 sine
777 861 894 899 anxia
931 860 1181 898 dubitatione
1220 872 1449 910 supremum

105 921 207 959 hunc
241 922 473 959 fasciculum
500 921 683 960 editionis
712 919 970 959 Caesarianae
996 920 1036 957 in
1065 919 1267 969 publicum
1294 920 1450 968 emitt03

103 980 168 1017 vix
212 981 316 1018 enim
360 980 572 1029 inveneris⁷
617 980 713 1029 quid
757 979 956 1018 difficilius
994 980 1046 1017 sit
1090 991 1209 1028 quam
1250 992 1448 1018 recensere

102 1039 222 1077 verba
266 1040 537 1078 commentarii
575 1040 643 1089 qui
682 1040 809 1077 fertur
846 1039 892 1077 de
923 1038 1026 1078 bello
1056 1038 1326 1088 Hispaniensi,
1359 1039 1449 1076 libri

101 1099 287 1137 sescentis
331 1099 427 1137 locis
465 1099 643 1148 corrupti
686 1101 807 1148 atque
846 1099 893 1135 ab
933 1111 976 1137 eo
1015 1098 1169 1147 scripti,
1214 1099 1282 1147 qui
1325 1099 1449 1136 latine

101 1158 228 1208 magis
259 1158 506 1196 balbutiebat
539 1169 659 1207 quam
690 1158 938 1207 loquebatur.
986 1157 1062 1202 Qui
1096 1154 1192 1206 quid
1224 1157 1351 1196 dicere
1384 1170 1449 1196 vo-

100 1217 238 1266 luerit,
284 1228 527 1266 quamquam
576 1217 775 1255 interdum
819 1217 998 1254 divinare
1046 1229 1273 1266 possumus,
1317 1220 1452 1255 tamen

105 1276 331 1325 saepissime
359 1276 597 1324 dubitamus,
630 1279 766 1314 utrum
792 1276 850 1313 ita
876 1276 1029 1324 dixerit,
1055 1278 1103 1313 ut
1127 1276 1167 1313 in
1194 1276 1304 1314 libris
1330 1288 1450 1313 manu

101 1335 259 1384 scriptis
291 1335 449 1385 legitur,
482 1347 531 1373 an
559 1335 750 1374 dictiones
775 1335 967 1373 barbarae
992 1335 1207 1373 secundum
1239 1338 1452 1384 praecepta

101 1394 198 1432 artis
230 1395 512 1445 grammaticae
539 1394 794 1445 corrigendae
820 1395 911 1443 sint,
944 1407 1033 1433 cum
1058 1395 1293 1443 praesertim
1318 1394 1450 1432 videa-

99 1465 186 1491 mus
224 1454 447 1503 librarium,
488 1454 556 1503 qni
601 1454 861 1503 archetypum
899 1454 924 1505 β
962 1454 1136 1503 scripsit,
1175 1454 1215 1491 in
1247 1454 1350 1492 bello
1382 1454 1450 1490 Hi-

101 1513 300 1562 spaniensi
325 1525 486 1551 munere
519 1525 590 1552 suo
617 1513 961 1564 neglegentissime
986 1513 1170 1551 functum
1203 1525 1296 1562 esse,
1329 1513 1452 1551 consi-

102 1572 227 1621 liique
242 1573 339 1610 certi
353 1575 531 1622 expertes
552 1573 769 1611 haeremus.
804 1572 911 1617 Quae
933 1586 1022 1611 cum
1041 1573 1099 1611 ita
1114 1573 1203 1621 sint,
1218 1573 1452 1622 plerumque

104 1632 252 1669 rectius
284 1632 380 1669 mihi
412 1633 541 1670 visum
574 1635 634 1670 est
659 1644 716 1681 ea,
750 1644 851 1681 quae
877 1633 917 1669 in
944 1632 1142 1671 codicibus
1173 1632 1325 1670 tradita
1350 1634 1454 1681 sunt,

106 1692 361 1740 quantumvis
406 1694 609 1741 corrupta,
659 1691 847 1741 praebere
896 1691 1108 1730 lectoribus
1161 1691 1338 1730 monenti
1388 1703 1452 1729 eos

103 1762 216 1788 cruce
249 1751 442 1800 adposita,
475 1754 521 1789 ut
553 1751 593 1788 in
626 1752 730 1790 notis
757 1751 903 1789 criticis
934 1751 1108 1800 videant,
1142 1763 1244 1800 quae
1276 1750 1452 1789 homines

100 1809 202 1848 docti
244 1810 293 1847 ad
335 1810 478 1848 menda
520 1810 698 1849 tollenda
743 1811 954 1849 commenti
998 1810 1095 1859 sint,
1135 1822 1255 1860 quam
1299 1813 1452 1848 textum

104 1868 216 1906 edere
261 1869 496 1908 coniecturis
535 1870 829 1920 philologorum
872 1883 951 1908 non
994 1870 1126 1907 minus
1169 1870 1454 1919 interpolatum

105 1930 341 1966 vexatumve
364 1941 484 1978 quam
509 1931 727 1980 purgatum
748 1941 792 1967 ac
818 1929 1061 1978 perpolitum
1086 1941 1215 1978 neque
1236 1929 1455 1967 absimilem

103 1987 223 2025 vestis
260 1988 409 2037 ubique
448 1989 601 2027 lacerae
640 2001 684 2026 ac
715 1989 857 2037 pannis
896 1988 1034 2026 alienis
1072 1989 1248 2027 colorum
1286 1988 1454 2026 maxime

103 2046 301 2085 variorum
336 2047 488 2085 adsutis
526 2049 629 2086 male
662 2050 803 2086 sartae.
861 2047 1010 2092 Quodsi
1044 2048 1084 2085 in
1118 2048 1285 2086 alteram
1321 2049 1455 2085 utram

105 2107 258 2153 partem
283 2107 454 2156 peccavi,
486 2108 613 2158 magis
639 2120 788 2157 vereor,
817 2120 864 2144 ne
890 2119 1033 2156 parum
1059 2107 1319 2145 abstinuerim
1346 2106 1455 2155 cupi-

107 2162 232 2202 ditate
259 2166 494 2215 corruptelis
519 2166 713 2215 medendi,
747 2178 826 2215 qua
852 2166 902 2204 ad
929 2166 1185 2204 difficultates
1213 2165 1456 2215 superandas

105 2221 201 2259 illici
245 2224 430 2274 solemus,
470 2238 590 2275 quam
627 2239 676 2263 ne
718 2225 899 2264 crucibus
944 2226 1060 2263 nimis
1104 2226 1241 2263 multis
1286 2224 1454 2274 adpictis

104 2280 305 2320 lacunisve
335 2284 519 2322 indicatis
553 2285 811 2323 deterruerim
849 2286 1032 2333 lectores,
1067 2285 1277 2333 quominus
1311 2284 1457 2321 adeant

102 2339 205 2377 hunc
242 2341 430 2380 libellum.
487 2343 609 2383 Cuius
647 2344 797 2383 indoles
836 2357 913 2383 non
952 2347 1011 2382 est
1044 2356 1109 2392 ea,
1142 2346 1188 2381 ut
1221 2344 1270 2381 ad
1311 2355 1455 2393 pueros

102 2399 306 2438 elementis
342 2401 502 2452 linguae
539 2404 688 2441 latinae
729 2403 944 2442 initiandos
982 2404 1023 2440 in
1062 2403 1204 2442 scholis
1246 2405 1455 2451 tractetur,
