1669 2574
287 96 342 136 70
731 96 926 130 BELLUM
949 96 1171 131 AFRICUM.

283 192 419 233 cundo
446 194 682 232 commeatu
708 192 893 245 auxerat,
918 206 1044 232 naves
1070 194 1316 233 exoneratas
1336 191 1480 232 statim
1499 191 1616 232 iubet

280 255 531 309 Lilybaeum
557 255 609 296 ad
633 254 843 309 reliquum
869 255 1100 297 exercitum
1125 255 1498 310 transportandum
1522 269 1615 309 pro*

280 320 429 374 ficisci3
472 320 562 374 ipse
599 331 648 360 VI
684 319 777 360 Kal.
813 319 935 361 Febr.
974 320 1140 362 circiter
1176 320 1324 375 vigilia
1363 319 1499 373 prima
1541 319 1615 361 im-

281 386 412 437 perat,
436 382 720 437 speculatores
741 384 1084 439 apparitoresque
1105 399 1249 426 omnes
1269 387 1318 426 ut
1343 384 1425 424 sibi
1449 386 1615 437 praesto

238 459 256 488 ‘2
282 450 433 488 essent.
505 446 654 502 Itaque
697 448 893 490 omnibus
938 449 1082 490 insciis
1124 463 1260 503 neque
1304 448 1616 502 suspicantibus

281 511 429 566 vigilia
458 512 586 553 tertia
615 512 732 554 iubet
764 526 909 554 omnes
939 513 1128 568 legiones
1166 516 1286 555 extra
1324 515 1461 554 castra
1497 513 1617 554 educi

282 578 409 630 atque
445 591 490 618 se
527 577 726 631 consequi
764 577 817 618 ad
854 577 1056 631 oppidum
1092 577 1329 632 Ruspinam
1367 592 1530 631 versus,
1573 578 1617 619 in

283 654 366 694 quo
397 641 487 695 ipse
517 641 774 695 praesidium
806 640 957 683 habuit
986 645 1027 683 et
1053 642 1166 696 quod
1190 642 1375 696 primum
1401 641 1454 682 ad
1478 641 1617 683 amici-

237 715 256 745 3
284 704 386 745 tiam
425 704 514 746 eius
552 705 736 746 accessit.
803 704 906 747 Inde
948 705 1167 760 parvulam
1203 705 1514 760 proclivitatem
1551 705 1617 746 de-

285 782 453 824 gressus
496 769 667 810 sinistra
714 773 834 824 parte
880 770 1017 824 campi
1059 773 1231 824 propter
1273 784 1388 811 mare
1430 769 1618 824 legiones

236 844 258 873 4
285 834 410 875 ducit.
470 833 553 876 Hic
590 849 762 889 campus
799 834 984 876 mirabili
1021 834 1198 888 planitie
1228 837 1346 888 patet
1375 833 1494 874 milia
1526 849 1617 888 pas-

284 912 407 939 suum
437 909 517 952 XV3
555 912 679 952 quem
717 899 865 953 iugum
904 900 1075 954 cingens
1113 913 1137 940 a
1173 899 1281 940 mari
1312 901 1451 939 ortum
1482 912 1617 953 neque

238 973 256 1002 5
284 963 344 1003 ita
385 962 620 1016 praealtum
661 962 780 1004 velut
822 963 979 1004 theatri
1022 963 1154 1004 efficit
1191 962 1383 1017 speciem.
1449 960 1500 1003 In
1537 962 1618 1004 hoc

284 1026 384 1080 iugo
435 1026 563 1068 colles
611 1029 711 1068 sunt
753 1027 910 1068 excelsi
950 1027 1092 1082 pauci,
1140 1027 1184 1068 in
1231 1027 1385 1081 quibus
1427 1027 1618 1082 singulae

283 1093 421 1131 turres
458 1089 735 1146 speculaeque
773 1091 964 1146 singulae
1000 1094 1239 1146 perveteres
1276 1093 1396 1132 erant
1431 1092 1617 1134 conloca—

284 1158 368 1209 tae,
406 1169 585 1210 quarum
621 1155 733 1210 apud
768 1156 963 1197 ultimam
999 1155 1257 1210 praesidium
1295 1158 1337 1197 et
1373 1156 1500 1197 statio
1537 1156 1620 1198 fuit

285 1218 506 1274 Scipionis.

239 1296 255 1324 1
371 1283 611 1326 XXXVHI.
677 1284 910 1340 Postquam
948 1284 1099 1326 Caesar
1139 1284 1191 1325 ad
1233 1283 1399 1339 iugum,
1442 1284 1491 1326 de
1535 1300 1618 1339 quo

285 1349 420 1403 docui,
450 1349 638 1398 ascendit
669 1352 794 1404 atque
825 1350 869 1390 in
900 1363 1242 1403 unumquemque
1279 1349 1428 1390 collem
1459 1351 1618 1390 turrem

285 1413 577 1468 castellaque†
615 1413 751 1455 facere
789 1414 928 1468 coepit
965 1416 1091 1468 atque
1134 1428 1182 1454 ea
1224 1413 1364 1454 minus
1409 1413 1619 1454 semihora

238 1488 258 1518 2
285 1478 440 1531 effecit,
483 1479 525 1519 et
567 1480 793 1532 postquam
830 1492 916 1519 non
959 1477 1019 1518 ita
1059 1477 1185 1533 longe
1230 1477 1281 1518 ab
1324 1477 1476 1519 ultimo
1514 1478 1618 1519 colle

284 1541 475 1595 turrique
522 1541 622 1596 fuit,
672 1556 778 1596 quae
826 1542 1020 1596 proxima
1068 1542 1152 1583 fuit
1195 1542 1344 1583 castris
1392 1542 1618 1583 adversari-

285 1620 418 1659 orum,
443 1606 487 1647 in
513 1620 596 1660 qua
627 1606 750 1647 docui
780 1621 870 1647 esse
901 1606 1158 1660 praesidium
1190 1607 1499 1661 stationemque
1530 1606 1618 1648 Nu-

283 1670 512 1724 midarum,
554 1670 769 1724 paulisper
809 1673 1092 1712 commoratus
1129 1674 1431 1726 perspectaque
1468 1673 1620 1712 natura

282 1733 367 1775 loci
396 1735 587 1789 equitatu
619 1734 663 1775 in
694 1734 876 1776 statione
908 1735 1113 1789 disposito
1144 1735 1383 1790 legionibus
1415 1749 1520 1789 opus
1552 1735 1618 1776 ad-

284 1798 437 1839 tribuit
466 1798 769 1853 brachiumque
801 1800 939 1841 medio
972 1800 1072 1854 iugo
1105 1799 1156 1840 ab
1189 1814 1237 1841 eo
1268 1799 1381 1854 loco,
1412 1799 1463 1840 ad
1495 1814 1619 1853 quem

283 1865 547 1917 pervenerat,
585 1877 719 1917 usque
757 1863 809 1904 ad
840 1878 955 1918 eum,
992 1864 1101 1905 unde
1134 1877 1328 1919 egressus
1361 1866 1466 1918 erat,
1503 1863 1620 1905 iubet

238 1939 259 1969 3
286 1926 420 1981 derigi
452 1941 499 1968 ac
530 1927 697 1968 muniri.
754 1927 876 1977 Quod
905 1930 1132 1983 postquam
1160 1927 1301 1982 Scipio
1325 1927 1620 1982 Labienusque

285 1992 677 2047 animadverterant,
710 1993 902 2046 equitatu
933 1992 1049 2033 omni
1081 2007 1132 2034 ex
1164 1992 1313 2033 castris
1342 1992 1490 2033 educto
1517 1992 1619 2033 acie-

286 2071 367 2111 que
411 2056 596 2110 equestri
639 2056 847 2097 instructa
889 2071 913 2097 a
962 2057 1049 2097 suis
1098 2056 1407 2097 munitionibus
1455 2056 1620 2098 circiter

284 2135 435 2175 passus
475 2120 591 2162 mille
633 2120 963 2175 progrediuntur
1005 2120 1327 2174 pedestremque
1371 2119 1534 2174 copiam
1576 2121 1620 2161 in

286 2185 468 2227 secunda
504 2185 591 2226 acie
627 2185 768 2226 minus
805 2199 955 2238 passus
994 2195 1105 2226 cccc
1143 2199 1167 2225 a
1210 2185 1297 2225 suis
1335 2185 1483 2226 castris
1526 2199 1619 2226 con-

287 2249 481 2290 stituunt.

242 2325 258 2355 1
374 2313 637 2355 XXXVIIII.
680 2313 831 2356 Caesar
856 2314 899 2355 in
926 2328 1049 2368 opere
1074 2313 1232 2355 milites
1253 2313 1467 2355 adhortari
1486 2328 1618 2368 neque

1661 2197 1669 2296 1

1640 2396 1669 2574 l}
