<?xml version="1.0" encoding="UTF-8"?>
<!DOCTYPE html PUBLIC "-//W3C//DTD XHTML 1.0 Transitional//EN"
    "http://www.w3.org/TR/xhtml1/DTD/xhtml1-transitional.dtd">
<html xmlns="http://www.w3.org/1999/xhtml" xml:lang="en" lang="en">
 <head>
  <title>
</title>
<meta http-equiv="Content-Type" content="text/html;charset=utf-8" />
  <meta name='ocr-system' content='tesseract 3.04.00' />
  <meta name='ocr-capabilities' content='ocr_page ocr_carea ocr_par ocr_line ocrx_word'/>
</head>
<body>
  <div class='ocr_page' id='page_1' title='image "./commentarii03caesuoft_0246.png"; bbox 0 0 1669 2574; ppageno 0'>
   <div class='ocr_carea' id='block_1_1' title="bbox 274 119 1320 161">
    <p class='ocr_par' dir='ltr' id='par_1_1' title="bbox 274 119 1320 161">
     <span class='ocr_line' id='line_1_1' title="bbox 274 119 1320 161; baseline -0.008 0"><span class='ocrx_word' id='word_1_1' title='bbox 274 120 356 161; x_wconf 81' lang='grc'><em>176</em></span> <span class='ocrx_word' id='word_1_2' title='bbox 554 120 591 155; x_wconf 87' lang='lat' dir='ltr'><em>C.</em></span> <span class='ocrx_word' id='word_1_3' title='bbox 616 120 731 154; x_wconf 89' lang='lat' dir='ltr'><strong><em>IULH</em></strong></span> <span class='ocrx_word' id='word_1_4' title='bbox 757 119 984 154; x_wconf 81' lang='lat' dir='ltr'><strong>CAESARIS</strong></span> <span class='ocrx_word' id='word_1_5' title='bbox 1010 119 1320 154; x_wconf 84' lang='lat' dir='ltr'><strong>FRAGMENTA.</strong></span> 
     </span>
    </p>
   </div>
   <div class='ocr_carea' id='block_1_2' title="bbox 365 224 1520 270">
    <p class='ocr_par' dir='ltr' id='par_1_2' title="bbox 365 224 1520 270">
     <span class='ocr_line' id='line_1_2' title="bbox 365 224 1520 270; baseline 0.001 -10"><span class='ocrx_word' id='word_1_6' title='bbox 365 226 483 260; x_wconf 88' lang='lat' dir='ltr'><em>LEX</em></span> <span class='ocrx_word' id='word_1_7' title='bbox 504 226 586 260; x_wconf 89' lang='lat' dir='ltr'><em>DE</em></span> <span class='ocrx_word' id='word_1_8' title='bbox 609 224 867 261; x_wconf 79' lang='lat' dir='ltr'><strong><em>PECUNHS</em></strong></span> <span class='ocrx_word' id='word_1_9' title='bbox 888 224 1098 260; x_wconf 83' lang='lat' dir='ltr'><strong><em>MUTUIS</em></strong></span> <span class='ocrx_word' id='word_1_10' title='bbox 1114 237 1147 260; x_wconf 87' lang='lat' dir='ltr'><em>a.</em></span> <span class='ocrx_word' id='word_1_11' title='bbox 1167 237 1202 260; x_wconf 90' lang='lat' dir='ltr'><em>u.</em></span> <span class='ocrx_word' id='word_1_12' title='bbox 1224 236 1252 260; x_wconf 90' lang='lat' dir='ltr'><em>c.</em></span> <span class='ocrx_word' id='word_1_13' title='bbox 1272 225 1413 261; x_wconf 82' lang='lat' dir='ltr'><strong><em>DCOV</em></strong></span> <span class='ocrx_word' id='word_1_14' title='bbox 1431 229 1520 270; x_wconf 78' lang='lat'><strong><em>(49).</em></strong></span> 
     </span>
    </p>
   </div>
   <div class='ocr_carea' id='block_1_3' title="bbox 273 289 1614 569">
    <p class='ocr_par' dir='ltr' id='par_1_3' title="bbox 370 289 772 332">
     <span class='ocr_line' id='line_1_3' title="bbox 370 289 772 332; baseline 0 -8"><span class='ocrx_word' id='word_1_15' title='bbox 370 290 468 324; x_wconf 86' lang='lat' dir='ltr'><em>Caes.</em></span> <span class='ocrx_word' id='word_1_16' title='bbox 496 289 542 323; x_wconf 88' lang='lat' dir='ltr'><strong><em>B.</em></strong></span> <span class='ocrx_word' id='word_1_17' title='bbox 572 289 608 323; x_wconf 83' lang='lat' dir='ltr'><strong><em>C.</em></strong></span> <span class='ocrx_word' id='word_1_18' title='bbox 635 289 714 332; x_wconf 85' lang='lat' dir='ltr'><strong><em>III,</em></strong></span> <span class='ocrx_word' id='word_1_19' title='bbox 742 292 772 324; x_wconf 90' lang='lat'><strong><em>1.</em></strong></span> 
     </span>
    </p>

    <p class='ocr_par' dir='ltr' id='par_1_4' title="bbox 273 336 1614 569">
     <span class='ocr_line' id='line_1_4' title="bbox 367 336 1611 380; baseline 0.001 -9"><span class='ocrx_word' id='word_1_20' title='bbox 367 337 463 371; x_wconf 79' lang='lat' dir='ltr'><em>Suet.</em></span> <span class='ocrx_word' id='word_1_21' title='bbox 486 336 583 370; x_wconf 81' lang='lat' dir='ltr'><em>Caes.</em></span> <span class='ocrx_word' id='word_1_22' title='bbox 605 338 661 371; x_wconf 79' lang='lat'><strong><em>42.</em></strong></span> <span class='ocrx_word' id='word_1_23' title='bbox 700 336 758 370; x_wconf 87' lang='lat' dir='ltr'><em>De</em></span> <span class='ocrx_word' id='word_1_24' title='bbox 778 337 945 380; x_wconf 77' lang='lat' dir='ltr'><em>pecuniis</em></span> <span class='ocrx_word' id='word_1_25' title='bbox 969 338 1116 380; x_wconf 82' lang='lat' dir='ltr'><em>mutuis,</em></span> <span class='ocrx_word' id='word_1_26' title='bbox 1141 337 1291 372; x_wconf 87' lang='lat' dir='ltr'><em>disiecta</em></span> <span class='ocrx_word' id='word_1_27' title='bbox 1314 347 1490 372; x_wconf 82' lang='lat' dir='ltr'><em>novarum</em></span> <span class='ocrx_word' id='word_1_28' title='bbox 1508 338 1611 373; x_wconf 85' lang='lat' dir='ltr'><em>tabu·</em></span> 
     </span>
     <span class='ocr_line' id='line_1_5' title="bbox 274 383 1613 428; baseline 0.003 -11"><span class='ocrx_word' id='word_1_29' title='bbox 274 385 393 418; x_wconf 76' lang='lat' dir='ltr'><em>larum</em></span> <span class='ocrx_word' id='word_1_30' title='bbox 418 383 689 427; x_wconf 67' lang='lat' dir='ltr'><em>exspectatione,</em></span> <span class='ocrx_word' id='word_1_31' title='bbox 715 394 806 427; x_wconf 76' lang='lat' dir='ltr'><em>quae</em></span> <span class='ocrx_word' id='word_1_32' title='bbox 831 384 950 419; x_wconf 83' lang='lat' dir='ltr'><em>erebro</em></span> <span class='ocrx_word' id='word_1_33' title='bbox 975 384 1190 428; x_wconf 76' lang='lat' dir='ltr'><em>movebatur,</em></span> <span class='ocrx_word' id='word_1_34' title='bbox 1220 384 1371 419; x_wconf 81' lang='lat' dir='ltr'><em>decrevit</em></span> <span class='ocrx_word' id='word_1_35' title='bbox 1394 384 1548 427; x_wconf 83' lang='lat' dir='ltr'><em>tandem,</em></span> <span class='ocrx_word' id='word_1_36' title='bbox 1571 389 1613 421; x_wconf 88' lang='lat' dir='ltr'><em>ut</em></span> 
     </span>
     <span class='ocr_line' id='line_1_6' title="bbox 273 430 1611 475; baseline 0.001 -10"><span class='ocrx_word' id='word_1_37' title='bbox 273 431 446 466; x_wconf 79' lang='lat' dir='ltr'><em>debitores</em></span> <span class='ocrx_word' id='word_1_38' title='bbox 471 430 706 465; x_wconf 78' lang='lat' dir='ltr'><em>creditoribus</em></span> <span class='ocrx_word' id='word_1_39' title='bbox 730 431 820 465; x_wconf 87' lang='lat' dir='ltr'><em>satis</em></span> <span class='ocrx_word' id='word_1_40' title='bbox 843 432 1003 474; x_wconf 82' lang='lat' dir='ltr'><em>facerent</em></span> <span class='ocrx_word' id='word_1_41' title='bbox 1028 442 1095 475; x_wconf 74' lang='lat' dir='ltr'><em>per</em></span> <span class='ocrx_word' id='word_1_42' title='bbox 1120 431 1400 466; x_wconf 81' lang='lat' dir='ltr'><em>aestimationem</em></span> <span class='ocrx_word' id='word_1_43' title='bbox 1419 432 1611 475; x_wconf 76' lang='lat' dir='ltr'><em>possessio-</em></span> 
     </span>
     <span class='ocr_line' id='line_1_7' title="bbox 273 477 1613 522; baseline 0.002 -11"><span class='ocrx_word' id='word_1_44' title='bbox 273 489 378 520; x_wconf 82' lang='lat' dir='ltr'><em>num,</em></span> <span class='ocrx_word' id='word_1_45' title='bbox 410 477 540 521; x_wconf 79' lang='lat' dir='ltr'><em>quanti</em></span> <span class='ocrx_word' id='word_1_46' title='bbox 571 488 728 522; x_wconf 73' lang='lat' dir='ltr'><em>quasque</em></span> <span class='ocrx_word' id='word_1_47' title='bbox 760 482 843 513; x_wconf 87' lang='lat' dir='ltr'><em>ante</em></span> <span class='ocrx_word' id='word_1_48' title='bbox 873 479 975 513; x_wconf 65' lang='lat' dir='ltr'><em>cia-ile</em></span> <span class='ocrx_word' id='word_1_49' title='bbox 1001 478 1129 512; x_wconf 84' lang='lat' dir='ltr'><em>bellum</em></span> <span class='ocrx_word' id='word_1_50' title='bbox 1154 482 1433 522; x_wconf 72' lang='lat' dir='ltr'><em>comparassent,</em></span> <span class='ocrx_word' id='word_1_51' title='bbox 1464 478 1613 514; x_wconf 76' lang='lat' dir='ltr'><em>deducto</em></span> 
     </span>
     <span class='ocr_line' id='line_1_8' title="bbox 273 524 1614 569; baseline 0.001 -11"><span class='ocrx_word' id='word_1_52' title='bbox 273 536 431 559; x_wconf 81' lang='lat' dir='ltr'><em>summae</em></span> <span class='ocrx_word' id='word_1_53' title='bbox 468 524 562 559; x_wconf 82' lang='lat' dir='ltr'><em>aeris</em></span> <span class='ocrx_word' id='word_1_54' title='bbox 599 525 729 568; x_wconf 86' lang='lat' dir='ltr'><em>alieni,</em></span> <span class='ocrx_word' id='word_1_55' title='bbox 765 526 798 559; x_wconf 89' lang='lat' dir='ltr'><em>si</em></span> <span class='ocrx_word' id='word_1_56' title='bbox 831 526 919 569; x_wconf 76' lang='lat' dir='ltr'><em>quid</em></span> <span class='ocrx_word' id='word_1_57' title='bbox 955 536 1089 560; x_wconf 82' lang='lat' dir='ltr'><em>usurae</em></span> <span class='ocrx_word' id='word_1_58' title='bbox 1119 526 1263 560; x_wconf 68' lang='lat' dir='ltr'><em>nomme</em></span> <span class='ocrx_word' id='word_1_59' title='bbox 1292 529 1519 560; x_wconf 81' lang='lat' dir='ltr'><em>numeratum</em></span> <span class='ocrx_word' id='word_1_60' title='bbox 1550 530 1614 561; x_wconf 87' lang='lat' dir='ltr'><em>aut</em></span> 
     </span>
    </p>
   </div>
   <div class='ocr_carea' id='block_1_4' title="bbox 268 571 1617 663">
    <p class='ocr_par' dir='ltr' id='par_1_5' title="bbox 268 571 1617 663">
     <span class='ocr_line' id='line_1_9' title="bbox 268 571 1617 654; baseline 0.001 -48"><span class='ocrx_word' id='word_1_61' title='bbox 268 572 509 654; x_wconf 57' lang='grc' dir='ltr'><em>ῙΞενεονιέοτῖιιη</em></span> <span class='ocrx_word' id='word_1_62' title='bbox 545 571 692 615; x_wconf 80' lang='lat' dir='ltr'><em>fuisset,·</em></span> <span class='ocrx_word' id='word_1_63' title='bbox 736 583 809 616; x_wconf 78' lang='lat' dir='ltr'><em>qua</em></span> <span class='ocrx_word' id='word_1_64' title='bbox 845 573 1054 608; x_wconf 85' lang='lat' dir='ltr'><em>condicione</em></span> <span class='ocrx_word' id='word_1_65' title='bbox 1090 577 1222 617; x_wconf 75' lang='lat' dir='ltr'><em>quarta</em></span> <span class='ocrx_word' id='word_1_66' title='bbox 1253 584 1344 617; x_wconf 74' lang='lat' dir='ltr'><em>pars</em></span> <span class='ocrx_word' id='word_1_67' title='bbox 1379 573 1452 615; x_wconf 86' lang='lat' dir='ltr'><em>fere</em></span> <span class='ocrx_word' id='word_1_68' title='bbox 1488 573 1617 608; x_wconf 83' lang='lat' dir='ltr'><em>crediti</em></span> 
     </span>
     <span class='ocr_line' id='line_1_10' title="bbox 276 630 443 663; baseline -0.006 -10"><span class='ocrx_word' id='word_1_69' title='bbox 276 630 395 663; x_wconf 73' lang='lat' dir='ltr'><em>ceperz</em></span> <span class='ocrx_word' id='word_1_70' title='bbox 421 630 443 652; x_wconf 89' lang='lat' dir='ltr'><em>a</em></span> 
     </span>
    </p>
   </div>
   <div class='ocr_carea' id='block_1_5' title="bbox 274 664 1619 900">
    <p class='ocr_par' dir='ltr' id='par_1_6' title="bbox 274 664 1619 900">
     <span class='ocr_line' id='line_1_11' title="bbox 341 664 1615 747; baseline 0.002 -48"><span class='ocrx_word' id='word_1_71' title='bbox 341 666 465 747; x_wconf 63' lang='grc' dir='ltr'><em>λέΡῑιιύ.</em></span> <span class='ocrx_word' id='word_1_72' title='bbox 488 665 585 701; x_wconf 85' lang='lat' dir='ltr'><em>Caes.</em></span> <span class='ocrx_word' id='word_1_73' title='bbox 607 668 665 701; x_wconf 96' lang='lat'><strong><em>37.</em></strong></span> <span class='ocrx_word' id='word_1_74' title='bbox 704 664 932 714; x_wconf 77' lang='grc' dir='ltr'><em>Σεισαχθεία</em></span> <span class='ocrx_word' id='word_1_75' title='bbox 957 666 1030 701; x_wconf 84' lang='grc' dir='ltr'><em>τινὶ</em></span> <span class='ocrx_word' id='word_1_76' title='bbox 1055 664 1174 701; x_wconf 81' lang='grc' dir='ltr'><strong><em>τόκων</em></strong></span> <span class='ocrx_word' id='word_1_77' title='bbox 1200 665 1368 710; x_wconf 79' lang='grc' dir='ltr'><em>ἐκούφιζε</em></span> <span class='ocrx_word' id='word_1_78' title='bbox 1394 667 1479 707; x_wconf 79' lang='grc' dir='ltr'><em>τοὺς</em></span> <span class='ocrx_word' id='word_1_79' title='bbox 1504 679 1615 712; x_wconf 86' lang='grc' dir='ltr'><em>χρεω-</em></span> 
     </span>
     <span class='ocr_line' id='line_1_12' title="bbox 276 724 1617 806; baseline 0.001 -12"><span class='ocrx_word' id='word_1_80' title='bbox 276 724 338 757; x_wconf 43' lang='lat' dir='ltr'><em>‘pa</em></span> <span class='ocrx_word' id='word_1_81' title='bbox 368 725 531 804; x_wconf 49' lang='grc' dir='ltr'><em>[Εἶπαν.</em></span> <span class='ocrx_word' id='word_1_82' title='bbox 560 760 652 795; x_wconf 87' lang='lat' dir='ltr'><em>Bell.</em></span> <span class='ocrx_word' id='word_1_83' title='bbox 681 759 754 794; x_wconf 64' lang='lat' dir='ltr'><em>Cic</em></span> <span class='ocrx_word' id='word_1_84' title='bbox 782 761 845 802; x_wconf 87' lang='lat' dir='ltr'><em>II,</em></span> <span class='ocrx_word' id='word_1_85' title='bbox 869 763 928 794; x_wconf 78' lang='grc'><em>48.</em></span> <span class='ocrx_word' id='word_1_86' title='bbox 979 760 1126 795; x_wconf 83' lang='grc' dir='ltr'><em>Αἰτοῦσι</em></span> <span class='ocrx_word' id='word_1_87' title='bbox 1165 758 1199 795; x_wconf 83' lang='grc' dir='ltr'><em>δ’</em></span> <span class='ocrx_word' id='word_1_88' title='bbox 1237 761 1363 800; x_wconf 80' lang='grc' dir='ltr'><em>αὐτοῖς</em></span> <span class='ocrx_word' id='word_1_89' title='bbox 1400 761 1463 795; x_wconf 85' lang='grc' dir='ltr'><em>καὶ</em></span> <span class='ocrx_word' id='word_1_90' title='bbox 1500 766 1617 806; x_wconf 86' lang='grc' dir='ltr'><em>χρεῶν</em></span> 
     </span>
     <span class='ocr_line' id='line_1_13' title="bbox 275 805 1619 852; baseline 0 -10"><span class='ocrx_word' id='word_1_91' title='bbox 275 806 471 847; x_wconf 81' lang='grc' dir='ltr'><em>ἀποκοπὰς</em></span> <span class='ocrx_word' id='word_1_92' title='bbox 502 806 565 841; x_wconf 82' lang='grc' dir='ltr'><em>διά</em></span> <span class='ocrx_word' id='word_1_93' title='bbox 594 819 632 841; x_wconf 87' lang='grc' dir='ltr'><em>τε</em></span> <span class='ocrx_word' id='word_1_94' title='bbox 664 805 844 851; x_wconf 82' lang='grc' dir='ltr'><em>πολέμους</em></span> <span class='ocrx_word' id='word_1_95' title='bbox 875 808 938 841; x_wconf 84' lang='grc' dir='ltr'><em>καὶ</em></span> <span class='ocrx_word' id='word_1_96' title='bbox 965 807 1107 847; x_wconf 75' lang='grc' dir='ltr'><em>στάσεις</em></span> <span class='ocrx_word' id='word_1_97' title='bbox 1138 808 1199 842; x_wconf 83' lang='grc' dir='ltr'><em>καὶ</em></span> <span class='ocrx_word' id='word_1_98' title='bbox 1225 807 1293 852; x_wconf 88' lang='grc' dir='ltr'><em>τὴν</em></span> <span class='ocrx_word' id='word_1_99' title='bbox 1324 807 1363 842; x_wconf 89' lang='grc' dir='ltr'><em>ἐκ</em></span> <span class='ocrx_word' id='word_1_100' title='bbox 1395 808 1510 843; x_wconf 82' lang='grc' dir='ltr'><em>τῶνδε</em></span> <span class='ocrx_word' id='word_1_101' title='bbox 1541 813 1619 848; x_wconf 84' lang='grc' dir='ltr'><em>τοῖς</em></span> 
     </span>
     <span class='ocr_line' id='line_1_14' title="bbox 274 852 1616 900; baseline 0.001 -12"><span class='ocrx_word' id='word_1_102' title='bbox 274 852 587 898; x_wconf 74' lang='grc' dir='ltr'><em>πιπρασκομένοις</em></span> <span class='ocrx_word' id='word_1_103' title='bbox 621 853 782 889; x_wconf 82' lang='grc' dir='ltr'><em>ἐποῦσαν</em></span> <span class='ocrx_word' id='word_1_104' title='bbox 813 852 973 890; x_wconf 77' lang='grc' dir='ltr'><em>εὐωνίαν</em></span> <span class='ocrx_word' id='word_1_105' title='bbox 998 854 1063 894; x_wconf 82' lang='grc' dir='ltr'><em>τὰς</em></span> <span class='ocrx_word' id='word_1_106' title='bbox 1088 853 1154 899; x_wconf 78' lang='grc' dir='ltr'><em>μὲν</em></span> <span class='ocrx_word' id='word_1_107' title='bbox 1180 854 1373 895; x_wconf 80' lang='grc' dir='ltr'><em>ἀποκοπὰς</em></span> <span class='ocrx_word' id='word_1_108' title='bbox 1399 855 1466 889; x_wconf 87' lang='grc' dir='ltr'><em>οὐκ</em></span> <span class='ocrx_word' id='word_1_109' title='bbox 1492 854 1616 900; x_wconf 74' lang='grc' dir='ltr'><em>ἔδωκε,</em></span> 
     </span>
    </p>
   </div>
   <div class='ocr_carea' id='block_1_6' title="bbox 272 899 1620 993">
    <p class='ocr_par' dir='ltr' id='par_1_7' title="bbox 272 899 1620 993">
     <span class='ocr_line' id='line_1_15' title="bbox 272 899 1620 947; baseline 0.001 -11"><span class='ocrx_word' id='word_1_110' title='bbox 272 900 426 946; x_wconf 79' lang='grc' dir='ltr'><strong><em>τιμητὰς</em></strong></span> <span class='ocrx_word' id='word_1_111' title='bbox 463 900 503 935; x_wconf 77' lang='grc' dir='ltr'><em>δὲ</em></span> <span class='ocrx_word' id='word_1_112' title='bbox 541 914 613 936; x_wconf 84' lang='grc' dir='ltr'><em>των</em></span> <span class='ocrx_word' id='word_1_113' title='bbox 652 899 772 936; x_wconf 84' lang='grc' dir='ltr'><em>ὠνίων</em></span> <span class='ocrx_word' id='word_1_114' title='bbox 810 899 1002 946; x_wconf 78' lang='grc' dir='ltr'><em>ἀπέφηνεν</em></span> <span class='ocrx_word' id='word_1_115' title='bbox 1040 915 1090 937; x_wconf 89' lang='grc' dir='ltr'><em>ων</em></span> <span class='ocrx_word' id='word_1_116' title='bbox 1129 901 1202 936; x_wconf 75' lang='grc' dir='ltr'><em>ἔδει</em></span> <span class='ocrx_word' id='word_1_117' title='bbox 1235 902 1321 942; x_wconf 79' lang='grc' dir='ltr'><em>τοὺς</em></span> <span class='ocrx_word' id='word_1_118' title='bbox 1351 901 1509 947; x_wconf 81' lang='grc' dir='ltr'><em>χρήστας</em></span> <span class='ocrx_word' id='word_1_119' title='bbox 1541 907 1620 943; x_wconf 82' lang='grc' dir='ltr'><em>τοῖς</em></span> 
     </span>
     <span class='ocr_line' id='line_1_16' title="bbox 277 947 1105 993; baseline -0.001 -9"><span class='ocrx_word' id='word_1_120' title='bbox 277 947 492 984; x_wconf 77' lang='grc' dir='ltr'><em>δανείσασιν</em></span> <span class='ocrx_word' id='word_1_121' title='bbox 519 947 601 983; x_wconf 78' lang='grc' dir='ltr'><em>ἀντὶ</em></span> <span class='ocrx_word' id='word_1_122' title='bbox 627 954 699 982; x_wconf 85' lang='grc' dir='ltr'><em>τῶν</em></span> <span class='ocrx_word' id='word_1_123' title='bbox 725 947 919 993; x_wconf 83' lang='grc' dir='ltr'><em>χρημάτων</em></span> <span class='ocrx_word' id='word_1_124' title='bbox 946 947 1105 984; x_wconf 88' lang='grc' dir='ltr'><em>διδόναι.</em></span> 
     </span>
    </p>
   </div>
   <div class='ocr_carea' id='block_1_7' title="bbox 275 994 1619 1089">
    <p class='ocr_par' dir='ltr' id='par_1_8' title="bbox 275 994 1619 1089">
     <span class='ocr_line' id='line_1_17' title="bbox 369 994 1619 1041; baseline 0.001 -11"><span class='ocrx_word' id='word_1_125' title='bbox 369 996 446 1030; x_wconf 88' lang='lat' dir='ltr'><em>Dio</em></span> <span class='ocrx_word' id='word_1_126' title='bbox 487 996 583 1030; x_wconf 85' lang='lat' dir='ltr'><em>Cass.</em></span> <span class='ocrx_word' id='word_1_127' title='bbox 625 995 740 1038; x_wconf 82' lang='lat' dir='ltr'><em>XLI,</em></span> <span class='ocrx_word' id='word_1_128' title='bbox 766 998 825 1038; x_wconf 83' lang='lat'><em>37,</em></span> <span class='ocrx_word' id='word_1_129' title='bbox 852 998 884 1030; x_wconf 89' lang='lat'><em>3.</em></span> <span class='ocrx_word' id='word_1_130' title='bbox 939 995 993 1030; x_wconf 86' lang='grc' dir='ltr'><em>Τά</em></span> <span class='ocrx_word' id='word_1_131' title='bbox 1032 1008 1069 1030; x_wconf 91' lang='grc' dir='ltr'><em>τε</em></span> <span class='ocrx_word' id='word_1_132' title='bbox 1101 994 1255 1041; x_wconf 79' lang='grc' dir='ltr'><em>ἐνέχυρα</em></span> <span class='ocrx_word' id='word_1_133' title='bbox 1286 996 1378 1040; x_wconf 86' lang='grc' dir='ltr'><em>πρὸς</em></span> <span class='ocrx_word' id='word_1_134' title='bbox 1407 996 1475 1041; x_wconf 87' lang='grc' dir='ltr'><em>τὴν</em></span> <span class='ocrx_word' id='word_1_135' title='bbox 1506 994 1619 1038; x_wconf 80' lang='grc' dir='ltr'><em>ἀξίαν</em></span> 
     </span>
     <span class='ocr_line' id='line_1_18' title="bbox 275 1041 1619 1089; baseline 0.001 -12"><span class='ocrx_word' id='word_1_136' title='bbox 275 1043 598 1087; x_wconf 81' lang='grc' dir='ltr'><em>ἐναποτιμηθῆναι</em></span> <span class='ocrx_word' id='word_1_137' title='bbox 631 1041 790 1077; x_wconf 81' lang='grc' dir='ltr'><em>ἐκέλευσε</em></span> <span class='ocrx_word' id='word_1_138' title='bbox 817 1043 880 1077; x_wconf 89' lang='grc' dir='ltr'><em>και</em></span> <span class='ocrx_word' id='word_1_139' title='bbox 906 1043 1082 1083; x_wconf 79' lang='grc' dir='ltr'><em>δικαστὰς</em></span> <span class='ocrx_word' id='word_1_140' title='bbox 1108 1043 1221 1088; x_wconf 85' lang='grc' dir='ltr'><em>αὐτης</em></span> <span class='ocrx_word' id='word_1_141' title='bbox 1245 1049 1322 1083; x_wconf 86' lang='grc' dir='ltr'><em>τοῖς</em></span> <span class='ocrx_word' id='word_1_142' title='bbox 1347 1041 1619 1089; x_wconf 79' lang='grc' dir='ltr'><em>ἀμφισβητοῦσί</em></span> 
     </span>
    </p>
   </div>
   <div class='ocr_carea' id='block_1_8' title="bbox 273 1088 1617 1180">
    <p class='ocr_par' dir='ltr' id='par_1_9' title="bbox 273 1088 1617 1180">
     <span class='ocr_line' id='line_1_19' title="bbox 273 1088 1617 1180; baseline 0.001 -56"><span class='ocrx_word' id='word_1_143' title='bbox 273 1090 642 1180; x_wconf 58' lang='grc' dir='ltr'><em>τΙιΙάἴςτΞκληροῦσθαι</em></span> <span class='ocrx_word' id='word_1_144' title='bbox 670 1088 903 1134; x_wconf 79' lang='grc' dir='ltr'><em>προσέταξεν.</em></span> <span class='ocrx_word' id='word_1_145' title='bbox 955 1090 1010 1133; x_wconf 81' lang='lat' dir='ltr'><strong><em>Of.</em></strong></span> <span class='ocrx_word' id='word_1_146' title='bbox 1039 1091 1171 1133; x_wconf 89' lang='lat' dir='ltr'><strong><em>XLII,</em></strong></span> <span class='ocrx_word' id='word_1_147' title='bbox 1195 1093 1254 1125; x_wconf 74' lang='lat'><em>22.</em></span> <span class='ocrx_word' id='word_1_148' title='bbox 1282 1093 1338 1125; x_wconf 88' lang='lat'><strong><em>51.</em></strong></span> <span class='ocrx_word' id='word_1_149' title='bbox 1391 1091 1461 1126; x_wconf 75' lang='lat' dir='ltr'><em>Cic.</em></span> <span class='ocrx_word' id='word_1_150' title='bbox 1489 1092 1532 1127; x_wconf 82' lang='lat' dir='ltr'><em>(le</em></span> <span class='ocrx_word' id='word_1_151' title='bbox 1556 1091 1617 1134; x_wconf 81' lang='lat' dir='ltr'><em>off.</em></span> 
     </span>
    </p>
   </div>
   <div class='ocr_carea' id='block_1_9' title="bbox 466 1225 1430 1269">
    <p class='ocr_par' dir='ltr' id='par_1_10' title="bbox 466 1225 1430 1269">
     <span class='ocr_line' id='line_1_20' title="bbox 466 1225 1430 1269; baseline -0.001 -9"><span class='ocrx_word' id='word_1_152' title='bbox 466 1225 585 1260; x_wconf 83' lang='lat' dir='ltr'><em>LEX</em></span> <span class='ocrx_word' id='word_1_153' title='bbox 608 1225 930 1261; x_wconf 81' lang='lat' dir='ltr'><strong><em>FAENEBRIS</em></strong></span> <span class='ocrx_word' id='word_1_154' title='bbox 955 1238 988 1260; x_wconf 76' lang='lat' dir='ltr'><em>a.</em></span> <span class='ocrx_word' id='word_1_155' title='bbox 1014 1238 1050 1260; x_wconf 71' lang='lat' dir='ltr'><em>u.</em></span> <span class='ocrx_word' id='word_1_156' title='bbox 1077 1237 1103 1261; x_wconf 69' lang='grc' dir='ltr'><em>ο.</em></span> <span class='ocrx_word' id='word_1_157' title='bbox 1131 1225 1319 1261; x_wconf 81' lang='lat' dir='ltr'><strong><em>DCCVII</em></strong></span> <span class='ocrx_word' id='word_1_158' title='bbox 1340 1228 1430 1269; x_wconf 73' lang='lat'><strong><em>(47).</em></strong></span> 
     </span>
    </p>
   </div>
   <div class='ocr_carea' id='block_1_10' title="bbox 275 1290 1623 1713">
    <p class='ocr_par' dir='ltr' id='par_1_11' title="bbox 275 1290 1623 1467">
     <span class='ocr_line' id='line_1_21' title="bbox 374 1290 1621 1335; baseline 0.002 -11"><span class='ocrx_word' id='word_1_159' title='bbox 374 1291 458 1325; x_wconf 89' lang='lat' dir='ltr'><em>Tac.</em></span> <span class='ocrx_word' id='word_1_160' title='bbox 485 1290 585 1325; x_wconf 87' lang='lat' dir='ltr'><em>Ann.</em></span> <span class='ocrx_word' id='word_1_161' title='bbox 619 1291 684 1333; x_wconf 87' lang='lat' dir='ltr'><em>VI,</em></span> <span class='ocrx_word' id='word_1_162' title='bbox 709 1293 767 1325; x_wconf 85' lang='lat'><em>16.</em></span> <span class='ocrx_word' id='word_1_163' title='bbox 816 1291 962 1326; x_wconf 90' lang='lat' dir='ltr'><em>Interea</em></span> <span class='ocrx_word' id='word_1_164' title='bbox 986 1302 1121 1335; x_wconf 74' lang='lat' dir='ltr'><em>nzayna</em></span> <span class='ocrx_word' id='word_1_165' title='bbox 1145 1291 1199 1325; x_wconf 76' lang='lat' dir='ltr'><em>vis</em></span> <span class='ocrx_word' id='word_1_166' title='bbox 1224 1294 1473 1325; x_wconf 75' lang='lat' dir='ltr'><em>accusatorum</em></span> <span class='ocrx_word' id='word_1_167' title='bbox 1498 1291 1538 1325; x_wconf 84' lang='lat' dir='ltr'><em>in</em></span> <span class='ocrx_word' id='word_1_168' title='bbox 1563 1301 1621 1326; x_wconf 83' lang='lat' dir='ltr'><em>eos</em></span> 
     </span>
     <span class='ocr_line' id='line_1_22' title="bbox 275 1338 1621 1383; baseline 0 -11"><span class='ocrx_word' id='word_1_169' title='bbox 275 1338 423 1382; x_wconf 56' lang='lat' dir='ltr'><em>irrupit,</em></span> <span class='ocrx_word' id='word_1_170' title='bbox 449 1338 511 1382; x_wconf 74' lang='lat' dir='ltr'><em>qui</em></span> <span class='ocrx_word' id='word_1_171' title='bbox 531 1338 709 1382; x_wconf 75' lang='lat' dir='ltr'><em>pecunias</em></span> <span class='ocrx_word' id='word_1_172' title='bbox 733 1338 880 1380; x_wconf 77' lang='lat' dir='ltr'><em>faenore</em></span> <span class='ocrx_word' id='word_1_173' title='bbox 906 1339 1133 1373; x_wconf 80' lang='lat' dir='ltr'><em>auctitabant</em></span> <span class='ocrx_word' id='word_1_174' title='bbox 1160 1338 1349 1372; x_wconf 82' lang='lat' dir='ltr'><em>adversum</em></span> <span class='ocrx_word' id='word_1_175' title='bbox 1375 1338 1481 1383; x_wconf 74' lang='lat' dir='ltr'><em>leyem</em></span> <span class='ocrx_word' id='word_1_176' title='bbox 1506 1338 1621 1372; x_wconf 86' lang='lat' dir='ltr'><em>dicta-</em></span> 
     </span>
     <span class='ocr_line' id='line_1_23' title="bbox 277 1385 1623 1430; baseline 0 -11"><span class='ocrx_word' id='word_1_177' title='bbox 277 1386 365 1420; x_wconf 86' lang='lat' dir='ltr'><em>toris</em></span> <span class='ocrx_word' id='word_1_178' title='bbox 392 1385 576 1428; x_wconf 72' lang='lat' dir='ltr'><em>Caesaris,</em></span> <span class='ocrx_word' id='word_1_179' title='bbox 607 1396 681 1430; x_wconf 75' lang='lat' dir='ltr'><em>qua</em></span> <span class='ocrx_word' id='word_1_180' title='bbox 711 1385 753 1420; x_wconf 84' lang='lat' dir='ltr'><em>de</em></span> <span class='ocrx_word' id='word_1_181' title='bbox 783 1385 887 1420; x_wconf 81' lang='lat' dir='ltr'><em>modo</em></span> <span class='ocrx_word' id='word_1_182' title='bbox 918 1386 1086 1420; x_wconf 84' lang='lat' dir='ltr'><em>credendi</em></span> <span class='ocrx_word' id='word_1_183' title='bbox 1111 1385 1389 1430; x_wconf 71' lang='lat' dir='ltr'><em>possidendique</em></span> <span class='ocrx_word' id='word_1_184' title='bbox 1420 1386 1520 1420; x_wconf 86' lang='lat' dir='ltr'><em>intra</em></span> <span class='ocrx_word' id='word_1_185' title='bbox 1543 1385 1623 1420; x_wconf 88' lang='lat' dir='ltr'><em>Ita-</em></span> 
     </span>
     <span class='ocr_line' id='line_1_24' title="bbox 280 1433 547 1467; baseline 0.004 -1"><span class='ocrx_word' id='word_1_186' title='bbox 280 1433 368 1466; x_wconf 81' lang='lat' dir='ltr'><em>liam</em></span> <span class='ocrx_word' id='word_1_187' title='bbox 393 1436 547 1467; x_wconf 74' lang='lat' dir='ltr'><em>cavetwr.</em></span> 
     </span>
    </p>

    <p class='ocr_par' dir='ltr' id='par_1_12' title="bbox 276 1477 1620 1713">
     <span class='ocr_line' id='line_1_25' title="bbox 370 1477 1619 1524; baseline -0.002 -10"><span class='ocrx_word' id='word_1_188' title='bbox 370 1479 446 1514; x_wconf 81' lang='lat' dir='ltr'><em>Dio</em></span> <span class='ocrx_word' id='word_1_189' title='bbox 474 1480 570 1514; x_wconf 83' lang='lat' dir='ltr'><em>Cass.</em></span> <span class='ocrx_word' id='word_1_190' title='bbox 600 1479 714 1522; x_wconf 88' lang='lat' dir='ltr'><strong><em>XLI,</em></strong></span> <span class='ocrx_word' id='word_1_191' title='bbox 746 1482 805 1514; x_wconf 78' lang='lat'><strong><em>38.</em></strong></span> <span class='ocrx_word' id='word_1_192' title='bbox 857 1477 1012 1522; x_wconf 80' lang='grc' dir='ltr'><em>Ἐπειὸή</em></span> <span class='ocrx_word' id='word_1_193' title='bbox 1054 1491 1091 1513; x_wconf 89' lang='grc' dir='ltr'><em>τε</em></span> <span class='ocrx_word' id='word_1_194' title='bbox 1135 1479 1261 1524; x_wconf 85' lang='grc' dir='ltr'><em>συχνοὶ</em></span> <span class='ocrx_word' id='word_1_195' title='bbox 1304 1478 1419 1513; x_wconf 79' lang='grc' dir='ltr'><em>πολλὰ</em></span> <span class='ocrx_word' id='word_1_196' title='bbox 1450 1477 1619 1523; x_wconf 86' lang='grc' dir='ltr'><em>χρήματα</em></span> 
     </span>
     <span class='ocr_line' id='line_1_26' title="bbox 278 1524 1620 1582; baseline 0 -22"><span class='ocrx_word' id='word_1_197' title='bbox 278 1526 373 1572; x_wconf 71' lang='grc' dir='ltr'><em>ἔχειν</em></span> <span class='ocrx_word' id='word_1_198' title='bbox 399 1527 462 1561; x_wconf 78' lang='grc' dir='ltr'><em>καὶ</em></span> <span class='ocrx_word' id='word_1_199' title='bbox 488 1538 611 1561; x_wconf 90' lang='grc' dir='ltr'><em>παντα</em></span> <span class='ocrx_word' id='word_1_200' title='bbox 638 1526 731 1561; x_wconf 74' lang='grc' dir='ltr'><em>αὐτὰ</em></span> <span class='ocrx_word' id='word_1_201' title='bbox 758 1526 1010 1570; x_wconf 80' lang='grc' dir='ltr'><em>ἀποκρυπτειν</em></span> <span class='ocrx_word' id='word_1_202' title='bbox 1030 1525 1206 1572; x_wconf 77' lang='grc' dir='ltr'><em>ἐλέγοντο,</em></span> <span class='ocrx_word' id='word_1_203' title='bbox 1230 1524 1457 1582; x_wconf 82' lang='grc' dir='ltr'><em>απηγόρενσε</em></span> <span class='ocrx_word' id='word_1_204' title='bbox 1478 1524 1620 1570; x_wconf 81' lang='grc' dir='ltr'><em>μηδένα</em></span> 
     </span>
     <span class='ocr_line' id='line_1_27' title="bbox 276 1571 1620 1620; baseline -0.001 -12"><span class='ocrx_word' id='word_1_205' title='bbox 276 1575 404 1608; x_wconf 86' lang='grc' dir='ltr'><em>πλεῖον</em></span> <span class='ocrx_word' id='word_1_206' title='bbox 436 1572 739 1618; x_wconf 78' lang='grc' dir='ltr'><em>πεντακισχιλίων</em></span> <span class='ocrx_word' id='word_1_207' title='bbox 770 1574 834 1608; x_wconf 85' lang='grc' dir='ltr'><em>καὶ</em></span> <span class='ocrx_word' id='word_1_208' title='bbox 866 1572 1005 1618; x_wconf 79' lang='grc' dir='ltr'><em>μυρίων</em></span> <span class='ocrx_word' id='word_1_209' title='bbox 1037 1575 1210 1618; x_wconf 85' lang='grc' dir='ltr'><em>δραχμῶν</em></span> <span class='ocrx_word' id='word_1_210' title='bbox 1242 1573 1281 1608; x_wconf 86' lang='grc' dir='ltr'><em>ἐν</em></span> <span class='ocrx_word' id='word_1_211' title='bbox 1314 1571 1475 1620; x_wconf 79' lang='grc' dir='ltr'><em>ἀργυρίῳ</em></span> <span class='ocrx_word' id='word_1_212' title='bbox 1507 1571 1529 1617; x_wconf 79' lang='grc' dir='ltr'>ἢ</span> <span class='ocrx_word' id='word_1_213' title='bbox 1556 1573 1620 1608; x_wconf 78' lang='grc' dir='ltr'><em>καὶ</em></span> 
     </span>
     <span class='ocr_line' id='line_1_28' title="bbox 276 1619 1622 1679; baseline -0.001 -24"><span class='ocrx_word' id='word_1_214' title='bbox 276 1619 411 1679; x_wconf 83' lang='grc' dir='ltr'><em>χρυσίῳ</em></span> <span class='ocrx_word' id='word_1_215' title='bbox 444 1623 666 1677; x_wconf 53' lang='grc' dir='ltr'><em>κεκτῆσθαι,</em></span> <span class='ocrx_word' id='word_1_216' title='bbox 697 1621 763 1677; x_wconf 82' lang='grc' dir='ltr'><em>οὐχ</em></span> <span class='ocrx_word' id='word_1_217' title='bbox 796 1621 844 1661; x_wconf 79' lang='grc' dir='ltr'><em>ὡς</em></span> <span class='ocrx_word' id='word_1_218' title='bbox 875 1621 938 1655; x_wconf 85' lang='grc' dir='ltr'><em>καὶ</em></span> <span class='ocrx_word' id='word_1_219' title='bbox 968 1621 1078 1660; x_wconf 79' lang='grc' dir='ltr'><em>αὐτὸς</em></span> <span class='ocrx_word' id='word_1_220' title='bbox 1102 1621 1167 1655; x_wconf 86' lang='grc' dir='ltr'><em>τὸν</em></span> <span class='ocrx_word' id='word_1_221' title='bbox 1193 1619 1307 1664; x_wconf 89' lang='grc' dir='ltr'><em>νόμον</em></span> <span class='ocrx_word' id='word_1_222' title='bbox 1333 1626 1464 1655; x_wconf 86' lang='grc' dir='ltr'><em>τοῦτον</em></span> <span class='ocrx_word' id='word_1_223' title='bbox 1490 1620 1622 1664; x_wconf 79' lang='grc' dir='ltr'><em>τιθεὶς,</em></span> 
     </span>
     <span class='ocr_line' id='line_1_29' title="bbox 279 1666 1621 1713; baseline 0.001 -12"><span class='ocrx_word' id='word_1_224' title='bbox 279 1666 355 1702; x_wconf 77' lang='grc' dir='ltr'><em>ἀλλ</em></span> <span class='ocrx_word' id='word_1_225' title='bbox 400 1668 447 1708; x_wconf 83' lang='grc' dir='ltr'><em>ὡς</em></span> <span class='ocrx_word' id='word_1_226' title='bbox 490 1669 553 1702; x_wconf 81' lang='grc' dir='ltr'><em>καὶ</em></span> <span class='ocrx_word' id='word_1_227' title='bbox 597 1666 776 1711; x_wconf 87' lang='grc' dir='ltr'><em>πρότερόν</em></span> <span class='ocrx_word' id='word_1_228' title='bbox 816 1680 903 1703; x_wconf 90' lang='grc' dir='ltr'><em>ποτε</em></span> <span class='ocrx_word' id='word_1_229' title='bbox 942 1666 1182 1713; x_wconf 84' lang='grc' dir='ltr'><em>ἐσενεχθέντα</em></span> <span class='ocrx_word' id='word_1_230' title='bbox 1219 1667 1500 1712; x_wconf 79' lang='grc' dir='ltr'><em>ἀνανεούμενος.</em></span> <span class='ocrx_word' id='word_1_231' title='bbox 1565 1667 1621 1710; x_wconf 80' lang='lat' dir='ltr'><strong><em>Of.</em></strong></span> 
     </span>
    </p>
   </div>
   <div class='ocr_carea' id='block_1_11' title="bbox 279 1715 516 1758">
    <p class='ocr_par' dir='ltr' id='par_1_13' title="bbox 279 1715 516 1758">
     <span class='ocr_line' id='line_1_30' title="bbox 279 1715 516 1758; baseline -0.004 -8"><span class='ocrx_word' id='word_1_232' title='bbox 279 1715 435 1758; x_wconf 86' lang='lat' dir='ltr'><strong><em>LVIII,</em></strong></span> <span class='ocrx_word' id='word_1_233' title='bbox 459 1718 516 1750; x_wconf 77' lang='lat'><strong><em>21.</em></strong></span> 
     </span>
    </p>
   </div>
   <div class='ocr_carea' id='block_1_12' title="bbox 308 1820 1599 1912">
    <p class='ocr_par' dir='ltr' id='par_1_14' title="bbox 308 1820 1599 1912">
     <span class='ocr_line' id='line_1_31' title="bbox 308 1820 1599 1857; baseline 0.001 -2"><span class='ocrx_word' id='word_1_234' title='bbox 308 1821 425 1856; x_wconf 85' lang='lat' dir='ltr'><em>LEX</em></span> <span class='ocrx_word' id='word_1_235' title='bbox 448 1821 528 1856; x_wconf 87' lang='lat' dir='ltr'><em>DE</em></span> <span class='ocrx_word' id='word_1_236' title='bbox 552 1821 914 1857; x_wconf 83' lang='lat' dir='ltr'><strong><em>MERCEDIBUS</em></strong></span> <span class='ocrx_word' id='word_1_237' title='bbox 937 1820 1365 1856; x_wconf 81' lang='lat' dir='ltr'><strong><em>HABITATIONUM</em></strong></span> <span class='ocrx_word' id='word_1_238' title='bbox 1389 1820 1599 1856; x_wconf 81' lang='lat' dir='ltr'><strong><em>ANNUIS</em></strong></span> 
     </span>
     <span class='ocr_line' id='line_1_32' title="bbox 713 1869 1190 1912; baseline -0.002 -9"><span class='ocrx_word' id='word_1_239' title='bbox 713 1881 745 1903; x_wconf 92' lang='lat' dir='ltr'><em>a.</em></span> <span class='ocrx_word' id='word_1_240' title='bbox 772 1880 807 1903; x_wconf 84' lang='lat' dir='ltr'><em>u.</em></span> <span class='ocrx_word' id='word_1_241' title='bbox 835 1880 861 1903; x_wconf 90' lang='lat' dir='ltr'><em>c.</em></span> <span class='ocrx_word' id='word_1_242' title='bbox 889 1869 1078 1903; x_wconf 84' lang='lat' dir='ltr'><strong><em>DCCVII</em></strong></span> <span class='ocrx_word' id='word_1_243' title='bbox 1099 1871 1190 1912; x_wconf 71' lang='lat'><strong><em>(47).</em></strong></span> 
     </span>
    </p>
   </div>
   <div class='ocr_carea' id='block_1_13' title="bbox 281 1931 1626 2062">
    <p class='ocr_par' dir='ltr' id='par_1_15' title="bbox 281 1931 1626 2062">
     <span class='ocr_line' id='line_1_33' title="bbox 374 1931 1625 1976; baseline 0 -10"><span class='ocrx_word' id='word_1_244' title='bbox 374 1932 469 1967; x_wconf 78' lang='lat' dir='ltr'><em>Suet.</em></span> <span class='ocrx_word' id='word_1_245' title='bbox 505 1933 601 1968; x_wconf 85' lang='lat' dir='ltr'><em>Caes.</em></span> <span class='ocrx_word' id='word_1_246' title='bbox 630 1936 689 1967; x_wconf 65' lang='lat'><em>38.</em></span> <span class='ocrx_word' id='word_1_247' title='bbox 747 1934 924 1968; x_wconf 75' lang='lat' dir='ltr'><em>Annuam</em></span> <span class='ocrx_word' id='word_1_248' title='bbox 960 1934 1217 1968; x_wconf 79' lang='lat' dir='ltr'><em>habitationem</em></span> <span class='ocrx_word' id='word_1_249' title='bbox 1255 1932 1390 1967; x_wconf 83' lang='lat' dir='ltr'><em>Romae</em></span> <span class='ocrx_word' id='word_1_250' title='bbox 1427 1943 1538 1976; x_wconf 77' lang='lat' dir='ltr'><em>usque</em></span> <span class='ocrx_word' id='word_1_251' title='bbox 1575 1931 1625 1967; x_wconf 81' lang='lat' dir='ltr'><em>ad</em></span> 
     </span>
     <span class='ocr_line' id='line_1_34' title="bbox 281 1979 1626 2025; baseline 0 -11"><span class='ocrx_word' id='word_1_252' title='bbox 281 1980 369 2015; x_wconf 82' lang='lat' dir='ltr'><em>bina</em></span> <span class='ocrx_word' id='word_1_253' title='bbox 400 1980 503 2014; x_wconf 43' lang='lat' dir='ltr'><em>&#39;milia</em></span> <span class='ocrx_word' id='word_1_254' title='bbox 534 1992 737 2023; x_wconf 76' lang='lat' dir='ltr'><em>nurnmum,</em></span> <span class='ocrx_word' id='word_1_255' title='bbox 770 1981 808 2014; x_wconf 68' lang='lat' dir='ltr'><em>tn</em></span> <span class='ocrx_word' id='word_1_256' title='bbox 840 1981 955 2015; x_wconf 78' lang='lat' dir='ltr'><em>Italia</em></span> <span class='ocrx_word' id='word_1_257' title='bbox 987 1991 1060 2015; x_wconf 78' lang='lat' dir='ltr'><em>non</em></span> <span class='ocrx_word' id='word_1_258' title='bbox 1091 1981 1189 2015; x_wconf 83' lang='lat' dir='ltr'><em>ultra</em></span> <span class='ocrx_word' id='word_1_259' title='bbox 1221 1980 1418 2025; x_wconf 43' lang='lat' dir='ltr'><em>quin-qenes</em></span> <span class='ocrx_word' id='word_1_260' title='bbox 1449 1979 1626 2014; x_wconf 78' lang='lat' dir='ltr'><em>sestertios</em></span> 
     </span>
     <span class='ocr_line' id='line_1_35' title="bbox 281 2027 427 2062; baseline 0.007 -1"><span class='ocrx_word' id='word_1_261' title='bbox 281 2027 427 2062; x_wconf 83' lang='lat' dir='ltr'><em>remisit.</em></span> 
     </span>
    </p>
   </div>
   <div class='ocr_carea' id='block_1_14' title="bbox 281 2071 1626 2166">
    <p class='ocr_par' dir='ltr' id='par_1_16' title="bbox 281 2071 1626 2166">
     <span class='ocr_line' id='line_1_36' title="bbox 375 2071 1626 2117; baseline -0.001 -9"><span class='ocrx_word' id='word_1_262' title='bbox 375 2074 450 2108; x_wconf 80' lang='lat' dir='ltr'><em>Dio</em></span> <span class='ocrx_word' id='word_1_263' title='bbox 477 2074 573 2109; x_wconf 82' lang='lat' dir='ltr'><em>Cass.</em></span> <span class='ocrx_word' id='word_1_264' title='bbox 604 2074 740 2117; x_wconf 87' lang='lat' dir='ltr'><strong><em>XLII,</em></strong></span> <span class='ocrx_word' id='word_1_265' title='bbox 766 2077 822 2108; x_wconf 83' lang='lat'><strong><em>51.</em></strong></span> <span class='ocrx_word' id='word_1_266' title='bbox 877 2075 927 2108; x_wconf 92' lang='grc' dir='ltr'><em>Τὸ</em></span> <span class='ocrx_word' id='word_1_267' title='bbox 961 2072 1139 2117; x_wconf 79' lang='grc' dir='ltr'><em>ἐνοίκιον,</em></span> <span class='ocrx_word' id='word_1_268' title='bbox 1173 2072 1259 2108; x_wconf 79' lang='grc' dir='ltr'><em>ὅσον</em></span> <span class='ocrx_word' id='word_1_269' title='bbox 1292 2073 1327 2113; x_wconf 77' lang='grc' dir='ltr'><em>ἐς</em></span> <span class='ocrx_word' id='word_1_270' title='bbox 1359 2071 1626 2114; x_wconf 75' lang='grc' dir='ltr'><em>πεντακοσίους</em></span> 
     </span>
     <span class='ocr_line' id='line_1_37' title="bbox 281 2116 981 2166; baseline -0.001 -10"><span class='ocrx_word' id='word_1_271' title='bbox 281 2120 448 2166; x_wconf 81' lang='grc' dir='ltr'><em>δραχμὰς</em></span> <span class='ocrx_word' id='word_1_272' title='bbox 472 2116 530 2165; x_wconf 78' lang='grc' dir='ltr'><em>ἦν,</em></span> <span class='ocrx_word' id='word_1_273' title='bbox 557 2120 728 2156; x_wconf 85' lang='grc' dir='ltr'><em>ἐνιαυτοῦ</em></span> <span class='ocrx_word' id='word_1_274' title='bbox 756 2120 838 2161; x_wconf 78' lang='grc' dir='ltr'><em>ἑνὸς</em></span> <span class='ocrx_word' id='word_1_275' title='bbox 862 2119 981 2165; x_wconf 79' lang='grc' dir='ltr'><em>ἀφείς.</em></span> 
     </span>
    </p>
   </div>
   <div class='ocr_carea' id='block_1_15' title="bbox 382 2226 1527 2317">
    <p class='ocr_par' dir='ltr' id='par_1_17' title="bbox 382 2226 1527 2317">
     <span class='ocr_line' id='line_1_38' title="bbox 382 2226 1527 2262; baseline 0 -1"><span class='ocrx_word' id='word_1_276' title='bbox 382 2227 500 2261; x_wconf 88' lang='lat' dir='ltr'><em>LEX</em></span> <span class='ocrx_word' id='word_1_277' title='bbox 522 2227 603 2261; x_wconf 88' lang='lat' dir='ltr'><em>DE</em></span> <span class='ocrx_word' id='word_1_278' title='bbox 625 2227 822 2262; x_wconf 76' lang='lat' dir='ltr'><strong><em>DECEM</em></strong></span> <span class='ocrx_word' id='word_1_279' title='bbox 845 2227 1028 2262; x_wconf 70' lang='lat' dir='ltr'><strong><em>PRAET</em></strong></span> <span class='ocrx_word' id='word_1_280' title='bbox 1031 2226 1157 2261; x_wconf 79' lang='lat' dir='ltr'><strong><em>ORIB</em></strong></span> <span class='ocrx_word' id='word_1_281' title='bbox 1167 2226 1226 2261; x_wconf 79' lang='lat' dir='ltr'><em>US</em></span> <span class='ocrx_word' id='word_1_282' title='bbox 1252 2226 1527 2262; x_wconf 77' lang='lat' dir='ltr'><em>CREANDIS</em></span> 
     </span>
     <span class='ocr_line' id='line_1_39' title="bbox 717 2274 1193 2317; baseline 0 -9"><span class='ocrx_word' id='word_1_283' title='bbox 717 2286 748 2309; x_wconf 88' lang='lat' dir='ltr'><em>a.</em></span> <span class='ocrx_word' id='word_1_284' title='bbox 776 2286 810 2308; x_wconf 78' lang='lat' dir='ltr'><em>u.</em></span> <span class='ocrx_word' id='word_1_285' title='bbox 838 2285 864 2309; x_wconf 85' lang='lat' dir='ltr'><em>c.</em></span> <span class='ocrx_word' id='word_1_286' title='bbox 891 2274 1080 2309; x_wconf 76' lang='lat' dir='ltr'><strong><em>DCCVH</em></strong></span> <span class='ocrx_word' id='word_1_287' title='bbox 1103 2277 1193 2317; x_wconf 66' lang='lat'><strong><em>(47).</em></strong></span> 
     </span>
    </p>
   </div>
   <div class='ocr_carea' id='block_1_16' title="bbox 281 2337 1655 2428">
    <p class='ocr_par' dir='ltr' id='par_1_18' title="bbox 281 2337 1655 2428">
     <span class='ocr_line' id='line_1_40' title="bbox 337 2337 1655 2421; baseline -0.002 -47"><span class='ocrx_word' id='word_1_288' title='bbox 337 2340 451 2421; x_wconf 37' lang='lat' dir='ltr'><em>{Dio</em></span> <span class='ocrx_word' id='word_1_289' title='bbox 479 2339 575 2374; x_wconf 80' lang='lat' dir='ltr'><em>Cass.</em></span> <span class='ocrx_word' id='word_1_290' title='bbox 605 2339 736 2382; x_wconf 87' lang='lat' dir='ltr'><strong><em>XLII,</em></strong></span> <span class='ocrx_word' id='word_1_291' title='bbox 763 2343 817 2374; x_wconf 78' lang='lat'><em>51.</em></span> <span class='ocrx_word' id='word_1_292' title='bbox 869 2339 1092 2383; x_wconf 77' lang='grc' dir='ltr'><em>στρατηγοὺς</em></span> <span class='ocrx_word' id='word_1_293' title='bbox 1129 2337 1219 2373; x_wconf 81' lang='grc' dir='ltr'><em>δέκα</em></span> <span class='ocrx_word' id='word_1_294' title='bbox 1259 2338 1294 2378; x_wconf 77' lang='grc' dir='ltr'><em>ἐς</em></span> <span class='ocrx_word' id='word_1_295' title='bbox 1330 2338 1370 2373; x_wconf 90' lang='grc' dir='ltr'><em>τὸ</em></span> <span class='ocrx_word' id='word_1_296' title='bbox 1409 2338 1513 2373; x_wconf 82' lang='grc' dir='ltr'><em>ἐπιὸν</em></span> <span class='ocrx_word' id='word_1_297' title='bbox 1546 2337 1623 2378; x_wconf 78' lang='grc' dir='ltr'><em>ἔτος</em></span> <span class='ocrx_word' id='word_1_298' title='bbox 1654 2343 1655 2346; x_wconf 79' lang='grc'>’</span> 
     </span>
     <span class='ocr_line' id='line_1_41' title="bbox 281 2387 1655 2428; baseline -0.001 -7"><span class='ocrx_word' id='word_1_299' title='bbox 281 2387 334 2421; x_wconf 82' lang='grc' dir='ltr'><em>ἀπ</em></span> <span class='ocrx_word' id='word_1_300' title='bbox 356 2388 461 2428; x_wconf 60' lang='lat' dir='ltr'><em>saga</em></span> <span class='ocrx_word' id='word_1_301' title='bbox 1654 2391 1655 2397; x_wconf 64' lang='lat'>¹</span> 
     </span>
    </p>
   </div>
   <div class='ocr_carea' id='block_1_17' title="bbox 1622 0 1669 2574">
    <p class='ocr_par' dir='ltr' id='par_1_19' title="bbox 1622 0 1669 2574">
     <span class='ocr_line' id='line_1_42' title="bbox 1622 0 1669 2574; baseline 0 0"><span class='ocrx_word' id='word_1_302' title='bbox 1622 0 1669 2574; x_wconf 95' lang='lat' dir='ltr'><em> </em></span> 
     </span>
    </p>
   </div>
  </div>
 </body>
</html>
