1669 2574
82 224 108 243 a.
124 225 153 242 u.
169 225 193 243 0.

90 252 195 279 DCCV

110 290 169 320 (49)

215 122 302 163 212
506 123 542 157 C.
568 122 681 156 IULH
708 121 934 156 CAESARIS
960 121 1271 157 FRAGMENTA.

312 216 446 251 Caesar
478 216 563 260 imp.
600 215 766 250 Ciceroni
797 215 882 259 imp.
917 215 982 249 sal.
1011 214 1080 250 dic.
1129 215 1244 250 Recte
1283 217 1476 261 auguraris
1513 217 1560 251 de

215 274 275 297 me
301 285 345 289 —
371 264 465 298 bene
491 262 589 296 enim
614 262 685 296 tibi
711 261 881 306 cognitus
907 274 987 299 sum
1007 283 1051 289 —
1071 261 1165 295 nihil
1192 273 1214 296 a
1237 273 1296 296 me
1323 264 1451 298 abesse
1476 264 1556 298 1011-

211 310 295 355 gius
316 309 553 353 crudelitate3
581 311 692 352 atque
714 320 781 353 ego
802 321 916 352 quum
938 320 981 343 ex
1000 308 1082 354 ipsa
1101 320 1139 343 re
1164 320 1340 354 magnam
1366 310 1472 355 capio
1497 323 1560 345 vo-

211 358 412 402 luptatem,
440 358 520 390 tum
545 367 668 389 meum
693 355 834 390 factum
858 356 1008 400 probari
1035 356 1101 390 abs
1127 358 1164 390 te
1190 356 1377 401 triumpho
1404 357 1552 402 gaudio.

212 405 341 448 Neque
368 403 462 437 illud
487 414 545 437 me
571 405 703 446 movet,
731 403 831 446 quod
856 403 894 447 ii,
922 403 985 447 qui
1012 414 1033 437 a
1054 414 1112 437 me
1134 402 1277 437 dimissi
1298 406 1394 448 sunt,
1421 404 1558 438 disces-

212 451 302 485 sisse
335 450 524 494 dicuntur,
564 452 605 484 ut
637 449 729 484 mihi
762 462 884 484 rursus
919 450 1059 485 bellum
1096 449 1290 494 inferrent;
1328 450 1423 485 nihil
1459 451 1560 485 enim

211 498 309 533 malo
345 508 457 541 quam
496 499 533 531 et
564 508 622 531 me
653 497 726 531 mei
758 497 917 532 similem
949 508 1027 532 esse
1063 499 1100 531 et
1131 497 1215 532 illos
1248 497 1314 533 sui.
1365 498 1420 532 Tu
1446 498 1558 532 velim

211 544 303 579 mihi
330 545 377 579 ad
403 544 533 579 urbem
557 546 705 589 praesto
733 544 800 588 sis,
832 547 874 579 ut
899 544 973 579 tuis
1000 544 1164 579 consiliis
1197 547 1307 589 atque
1334 545 1484 590 opibus,
1517 547 1563 580 ut

213 591 402 636 consuevi,
441 591 479 625 in
519 591 689 626 omnibus
721 592 830 626 rebus
863 594 957 627 utar.
1014 591 1212 626 Dolabella
1243 594 1307 627 tuo
1339 592 1433 626 nihil
1467 592 1562 627 seito

213 639 305 673 mihi
339 650 417 673 esse
451 638 666 674 iucundius:
704 639 800 673 hanc
833 639 926 674 adeo
958 639 1106 673 habebo
1139 638 1299 684 gratiam
1330 639 1402 683 illi3
1440 651 1562 683 neque

213 686 311 721 enim
338 686 448 720 aliter
473 686 594 720 facere
620 686 776 731 poterit:
804 688 912 721 tanta
939 686 1016 721 eius
1043 685 1267 731 humanitas⁷
1294 686 1325 720 18
1351 698 1489 732 80118118,
1517 698 1562 721 ea

215 733 253 768 in
279 744 337 768 1110
364 735 420 768 est
444 733 714 768 benevolentia.

310 816 380 851 Oce.
415 817 464 850 acl
495 816 570 851 Att.
598 816 692 859 X,
675 833 692 850 0
699 818 771 859 ³,2
804 819 852 860 (a.
881 816 914 850 d.
948 816 1029 850 VII
1049 817 1105 850 Ia.
1133 816 1252 860 Apr.)
1308 816 1441 851 Caesar
1471 817 1564 851 mihi

214 864 368 909 191108οπ
387 875 454 908 per
481 864 630 905 lztteoas,
656 864 749 907 quod
774 875 849 898 mm
874 864 1040 906 zamrim,
1065 875 1203 908 seseque
1223 864 1263 898 in
1284 865 1454 907 optzmam
1470 875 1560 908 pm·-

213 915 280 946 tem
307 911 346 945 id
371 911 530 955 accipere
556 911 654 946 diczt.
696 911 824 945 Facile
838 911 975 955 patior,
1002 911 1095 955 quod
1115 911 1249 953 serunt,
1275 922 1391 945 secum
1414 911 1563 945 Tullum

213 963 245 993 et
270 958 433 993 Servium
460 962 597 1002 questos
622 969 705 1001 0880,
730 959 818 1002 quia
841 969 916 992 ‘non
941 958 1034 992 idem
1059 959 1139 1000 sibi,
1166 959 1259 1002 quod
1279 959 1379 1000 mihi,
1405 959 1561 993 remisis-

213 1010 281 1040 set:
317 1006 476 1040 homines
501 1006 696 1039 ridiculos!
733 1006 796 1049 qui
828 1016 938 1049 quum
962 1006 1057 1048 filios
1082 1006 1259 1040 misissent
1286 1006 1334 1039 acl
1361 1005 1424 1040 Cn.
1454 1006 1561 1039 Pom-

207 1053 333 1097 peimn
358 1053 705 1095 circmnsedemlmn,
731 1053 803 1097 ipsi
828 1053 868 1086 in
893 1057 1056 1087 senatum
1081 1053 1200 1088 venire
1225 1053 1440 1088 dubitarint.
1492 1052 1563 1087 Sed

217 1104 337 1135 tamen
363 1100 562 1144 eoeemplum
586 1100 670 1134 misi
695 1101 743 1134 acl
769 1104 800 1135 te
827 1100 992 1134 Caesaris
1019 1100 1229 1134 litterarum.

310 1182 380 1216 Cic.
409 1182 457 1216 (nl
483 1182 557 1217 Att.
586 1182 741 1225 X,8B.
793 1182 928 1216 Caesar
965 1181 1051 1226 imp.
1093 1182 1157 1217 sal.
1197 1182 1231 1216 d.
1269 1181 1435 1216 Ciceroni
1472 1181 1560 1227 imp.

211 1228 294 1263 Etsi
326 1231 362 1263 te
394 1228 488 1263 nihil
521 1231 675 1273 temere,
714 1228 808 1263 nihil
840 1228 1094 1274 imprudenter
1124 1230 1310 1263 facturum
1343 1229 1563 1273 iudicaram,

213 1278 340 1311 tamen
370 1278 560 1321 permotus
592 1276 783 1311 hominum
815 1276 917 1310 fama
948 1276 1182 1311 scribendum
1215 1277 1262 1311 ad
1287 1279 1325 1311 te
1352 1276 1562 1310 existimavi

213 1325 251 1358 et
285 1335 351 1368 pro
386 1326 514 1358 nostia
548 1323 808 1358 benevolentia
841 1324 1059 1368 petendum,
1097 1335 1143 1358 ne
1179 1335 1251 1368 quo
1286 1323 1563 1369 progiedereris

212 1371 424 1415 proclinata
449 1370 524 1405 iam
549 1382 605 1416 10,
638 1383 710 1415 quo
739 1371 886 1416 integra
912 1370 1026 1405 etiam
1051 1370 1363 1423 pi·og1ediendum
1389 1370 1461 1405 tibi
1486 1382 1562 1405 11011

213 1418 482 1453 existimasses:
520 1430 680 1462 namque
713 1420 750 1453 et
782 1417 970 1452 amicitiae
997 1418 1203 1463 glaviorem
1228 1418 1403 1452 iniuiiam
1428 1417 1562 1452 feceris

214 1467 251 1499 et
276 1465 347 1499 tibi
374 1465 494 1499 minus
521 1466 710 1500 commode
738 1465 981 1510 00118111110118,
1009 1465 1039 1499 81
1065 1477 1139 1500 11011
1164 1466 1334 1500 fortunae
1361 1466 1560 1500 obsecutus

213 1511 398 1546 videberis
419 1534 462 1538 ——
485 1513 608 1547 onmia
635 1513 732 1547 enim
760 1512 1027 1547 secundissima
1052 1512 1171 1557 nobis,
1199 1512 1458 1547 adversissima
1483 1512 1563 1546 illis

215 1559 396 1594 accidisse
421 1560 595 1594 videntur
616 1582 670 1605 —‚
696 1571 764 1595 nec
791 1571 941 1594 causam
968 1561 1114 1594 secutus
1135 1581 1178 1585 —
1200 1560 1330 1594 eadem
1356 1560 1454 1594 enim
1479 1561 1562 1594 tum

212 1606 301 1651 fuit,
341 1619 423 1641 cum
456 1608 502 1642 ab
536 1619 662 1642 eorum
693 1607 858 1642 consiliis
892 1608 1021 1642 abesse
1046 1606 1222 1641 iudicasti
1248 1629 1309 1651 -,
1349 1607 1414 1641 sed
1438 1618 1562 1641 meum

214 1653 367 1697 aliquod
393 1654 535 1688 factum
561 1654 879 1699 condemnavisse,
913 1666 985 1699 quo
1017 1654 1110 1688 mihi
1135 1654 1282 1700 gravius
1310 1655 1375 1689 abs
1402 1656 1439 1688 te
1465 1653 1560 1688 nihil

214 1701 382 1736 accidere
407 1703 549 1746 potest3
582 1702 680 1746 quod
712 1713 757 1737 ne
784 1702 917 1745 facias⁷
949 1713 1014 1747 pro
1040 1701 1119 1736 iure
1145 1703 1294 1736 nostrae
1321 1701 1509 1736 amicitiae
1537 1712 1561 1735 a

214 1750 251 1782 te
276 1750 373 1793 peto.
426 1749 616 1784 Postremo
643 1749 732 1793 quid
758 1749 834 1783 viro
861 1750 958 1784 bono
986 1751 1023 1784 et
1049 1749 1174 1793 quieto
1201 1750 1237 1783 et
1262 1749 1360 1783 bono
1387 1748 1458 1783 civi
1483 1759 1561 1782 ma-

214 1795 271 1841 gis
299 1796 471 1830 convenit
498 1808 610 1840 quam
635 1797 765 1831 abesse
793 1808 814 1831 a
841 1796 1011 1831 civilibus
1038 1795 1318 1831 controversiis?
1346 1796 1445 1840 quod
1471 1807 1562 1830 non-

213 1842 308 1876 nulli
335 1855 448 1886 quum
472 1844 686 1888 probarent,
712 1843 868 1889 periculi
896 1855 1008 1878 causa
1034 1843 1138 1887 sequi
1163 1855 1237 1878 non
1263 1845 1480 1888 potuerunt:
1519 1844 1562 1876 tu

214 1889 406 1934 explorato
441 1893 478 1925 et
504 1890 601 1925 vitae
628 1902 732 1925 meae
758 1890 971 1926 testimonio
999 1892 1036 1925 et
1062 1890 1250 1925 amicitiae
1277 1890 1415 1925 iudicio
1441 1901 1562 1933 neque

213 1936 332 1971 tutius
358 1949 478 1981 neque
504 1938 695 1972 honestius
721 1938 880 1983 reperies
908 1938 1112 1983 quidquam
1137 1949 1249 1982 quam
1277 1938 1322 1972 ab
1350 1937 1450 1972 0111111
1477 1949 1562 1972 con-

214 1984 382 2019 tentione
410 1985 549 2020 abesse.
602 1985 668 2019 XV
694 1986 775 2020 Kal.
803 1985 923 2020 Maias
951 1997 994 2020 ex
1019 1985 1162 2020 itinere.

629 2161 706 2195 AD
732 2161 776 2195 L.
807 2161 1145 2197 TREBONIUM.

312 2244 409 2278 caes.
438 2244 483 2278 B.
514 2244 549 2278 O.
576 2246 618 2286 2,
640 2246 697 2287 13,
717 2247 749 2278 3.
803 2244 936 2279 Caesar
958 2255 1023 2288 per
1049 2245 1186 2280 litteras
1215 2244 1390 2278 Trebonio
1415 2253 1561 2288 Μαρκο-

210 2302 296 2334 pere
323 2292 578 2334 mandaverat,
608 2303 652 2325 orte
679 2303 745 2335 per
774 2292 841 2325 rim
867 2292 1039 2335 oppidum
1065 2292 1270 2336 eoepuymaeri
1291 2295 1486 2335 pateretur,
1517 2301 1563 2325 ne

212 2339 362 2383 ymnius
384 2339 538 2382 permoti
563 2339 692 2373 milites
717 2343 749 2374 et
774 2339 983 2382 defectionis
1008 2340 1090 2373 odio
1116 2343 1148 2374 et
1166 2339 1421 2383 contemptione
1446 2338 1505 2373 sui
1529 2341 1563 2372 et

213 2386 360 2420 diutino
386 2386 505 2421 labore
532 2396 650 2421 onmes
669 2386 821 2430 puberes
846 2387 1092 2429 «interficerent.
