1669 2574
277 89 333 129 74
722 87 917 121 BELLUM
940 86 1163 121 AFRICUM.

273 184 472 238 fendetis,
510 185 671 224 certum
709 184 774 223 est
803 181 924 223 vobis
954 182 1087 223 vitam
1118 184 1160 222 et
1190 181 1410 235 pecuniam
1442 181 1606 222 donare.

274 248 551 302 Quapropter,
584 247 686 301 quid
717 246 921 300 sentiatiS,
951 245 1280 300 proloquimini.'

229 323 246 352 1
361 310 576 352 XXXXV.
636 310 729 352 Hac
759 310 907 351 habita
937 310 1126 351 oratione
1161 309 1301 364 Scipio
1340 323 1435 350 cum
1466 309 1607 350 existi-

274 377 430 415 masset
472 388 548 428 pro
590 388 666 415 suo
710 373 914 415 beneficio
958 374 1048 415 sine
1092 374 1218 415 dubio
1257 374 1308 414 ab
1345 373 1412 414 his
1450 373 1607 428 gratias

226 450 247 480 2
276 438 357 479 sibi
394 440 535 479 actum
573 437 643 492 iri,
684 440 939 493 potestatem
977 438 1029 479 iis
1067 438 1235 479 dicundi
1272 438 1383 479 fecit.
1443 437 1511 478 Ex
1548 437 1607 479 eis

274 503 463 543 centurio
493 501 675 557 legionis
706 514 785 543 XIV
824 501 921 543 ‘Pro
953 502 1056 556 tuo',
1093 502 1243 556 inquit,
1275 501 1456 543 ‘summo
1486 502 1608 543 bene-

272 567 381 620 ficio,
414 565 568 621 Scipio,
599 566 679 607 tibi
711 566 869 622 gratias
902 579 980 620 ago
1012 591 1070 595 —
1100 580 1185 607 non
1216 566 1328 607 enim
1359 567 1401 606 te
1432 566 1608 620 impera—

273 633 410 672 torem
441 630 607 685 appello
638 656 715 686 —,
751 630 864 685 quod
893 630 999 671 mihi
1029 630 1161 671 vitam
1191 629 1608 683 incolumitatemque

273 695 376 737 belli
406 696 496 737 iure
528 697 651 750 capto
683 695 914 750 polliceris,
952 697 994 736 et
1024 694 1167 736 forsan
1197 694 1280 735 isto
1311 696 1453 735 uterer
1487 693 1609 735 bene-

227 770 248 800 3
274 760 388 814 ficio,
427 761 462 801 si
493 774 579 801 non
610 759 649 801 ei
679 774 892 801 summum
924 758 1059 800 scelus
1091 758 1400 813 adiungeretur.
1459 757 1610 813 Egone

277 827 423 866 contra
456 823 675 866 Caesarem
706 824 1004 878 imperatorem
1031 837 1185 877 meum,
1217 823 1328 877 apud
1353 837 1477 877 quem
1503 823 1610 864 ordi-

273 904 370 930 nem
421 889 539 943 duxi,
589 889 762 942 eiusque
812 888 1060 942 exercitum,
1108 902 1185 942 pro
1235 887 1354 928 cuius
1404 887 1611 941 dignitate

273 953 534 1007 victoriaque
567 952 748 1006 amplius
779 963 925 992 XXXVI
957 966 1087 992 annos
1119 951 1375 1006 depugnavi,
1411 952 1612 993 adversus

226 1028 249 1057 4
276 1020 546 1071 armatusque
572 1016 830 1058 consistam?
878 1015 1028 1070 Neque
1056 1030 1133 1070 ego
1159 1015 1275 1056 istud
1298 1015 1485 1056 facturus
1517 1030 1612 1057 sum

276 1084 318 1123 et
360 1084 403 1123 te
445 1095 720 1136 magnopere,
762 1083 811 1122 ut
855 1080 904 1121 de
947 1081 1119 1135 negotio
1161 1080 1357 1134 desistas,
1400 1079 1610 1122 adhortor.

276 1145 434 1187 Contra
470 1146 589 1187 cuius
628 1146 739 1187 enim
778 1146 918 1199 copias
957 1145 1202 1199 contendas,
1240 1145 1276 1185 si
1311 1144 1452 1186 minus
1489 1147 1612 1186 antea

228 1220 249 1250 5
276 1213 475 1265 expertus
514 1224 576 1264 es,
613 1209 713 1250 licet
748 1223 859 1250 nunc
892 1222 1130 1263 cognoscas.
1191 1208 1316 1263 Elige
1348 1224 1399 1250 eX
1429 1209 1515 1250 tuis
1547 1224 1610 1251 co-

274 1274 440 1316 hortem
472 1289 617 1329 unam,
656 1288 783 1328 quam
813 1276 937 1328 putas
969 1288 1060 1314 esse
1096 1273 1401 1327 firmissimam,
1438 1275 1481 1314 et
1516 1288 1610 1315 con-

275 1339 404 1380 stitue
436 1341 583 1380 contra
612 1353 697 1393 me,
735 1351 812 1392 ego
844 1341 985 1380 autem
1017 1353 1069 1379 ex
1099 1337 1204 1378 meis
1237 1337 1611 1393 commilitonibus,

276 1418 380 1458 quos
423 1417 536 1444 nunc
578 1403 623 1443 in
666 1405 740 1443 tua
782 1405 900 1445 tenes
945 1405 1172 1457 potestate,
1220 1416 1306 1442 non
1356 1402 1537 1456 amplius
1580 1415 1612 1444 X

275 1483 450 1509 sumam.
511 1467 630 1508 Tunc
667 1482 719 1508 eX
755 1467 913 1508 virtute
949 1469 1095 1508 nostra
1131 1466 1371 1521 intelleges,
1415 1466 1517 1520 quid
1560 1482 1612 1509 ex

275 1533 362 1573 tuis
394 1532 527 1586 copiis
560 1546 727 1586 sperare
760 1531 937 1572 debeas.²

230 1608 247 1638 1
361 1595 599 1638 XXXXVI.
648 1595 881 1650 Postquam
905 1595 1008 1636 haec
1028 1595 1216 1637 centurio
1236 1595 1449 1649 praesenti
1471 1596 1610 1638 animo

276 1662 474 1703 adversus
500 1660 743 1715 opinionem
769 1660 858 1701 eius
886 1662 950 1701 est
973 1660 1154 1713 locutus,
1180 1659 1243 1700 ira
1263 1659 1448 1713 percitus
1470 1658 1609 1714 Scipio

276 1729 402 1780 atque
433 1725 563 1766 animi
589 1724 732 1766 dolore
758 1725 953 1765 incensus
980 1724 1128 1765 annuit
1154 1723 1481 1778 centurionibus,
1510 1724 1612 1779 quid

274 1790 367 1831 fieri
403 1789 548 1843 vellet,
592 1791 719 1843 atque
763 1791 861 1830 ante
903 1788 1029 1842 pedes
1074 1787 1361 1829 centurionem
1401 1787 1612 1830 interfecit

230 1865 250 1895 2
276 1854 545 1908 reliquosque
576 1855 798 1894 veteranos
829 1868 854 1893 a
883 1852 1093 1893 tironibus
1125 1852 1243 1893 iubet
1280 1851 1450 1893 secerni.
1512 1851 1611 1894 eAb·

278 1919 416 1960 ducite
454 1917 586 1971 istos’,
626 1917 783 1972 inquit,
821 1917 996 1959 ‘nefario
1034 1916 1189 1958 scelere
1227 1917 1534 1958 contaminatos
1571 1920 1612 1959 et

277 1983 400 2026 caede
444 1982 598 2024 civium
642 1982 883 2035 saginatos.'
958 1980 1028 2023 Sic
1077 1984 1196 2022 extra
1243 1981 1401 2022 vallum
1446 1981 1613 2023 deducti

230 2058 250 2088 3
277 2050 378 2090 sunt
414 2049 456 2088 et
494 2045 779 2088 cruciabiliter
815 2045 1039 2086 interfecti.
1106 2045 1282 2086 Tirones
1320 2048 1460 2086 autem
1496 2045 1613 2087 iubet

183 2103 185 2107 ¹
277 2113 388 2154 inter
422 2110 611 2165 legiones
650 2109 864 2164 dispertiri
901 2112 943 2151 et
981 2108 1219 2150 Cominium
1257 2124 1351 2150 cum
1388 2109 1533 2150 Ticida
1569 2111 1612 2151 in
1647 2093 1653 2168 1

230 2187 252 2216 4
278 2178 549 2230 conspectum
580 2188 705 2215 suum
737 2172 935 2228 prohibet
966 2173 1124 2214 adduci.
1182 2172 1274 2222 Qua
1304 2188 1355 2214 ex
1386 2188 1430 2214 re
1463 2172 1613 2215 Caesar
1647 2169 1669 2235 {i

278 2242 516 2281 commotus
549 2253 632 2293 eos,
665 2253 770 2293 quos
802 2239 845 2279 in
872 2238 1126 2279 stationibus
1152 2252 1247 2278 cum
1271 2238 1411 2293 longis
1436 2238 1612 2280 navibus
1664 2235 1669 2279 1

278 2304 388 2358 apud
422 2303 639 2358 Thapsum
677 2302 890 2344 custodiae
929 2317 1053 2343 causa
1089 2302 1133 2343 in
1170 2301 1258 2343 salo
1297 2317 1387 2343 esse
1424 2303 1613 2358 iusserat,

1647 2392 1669 2574 1,
